<?xml version="1.0" encoding="UTF-8"?>
<!DOCTYPE html PUBLIC "-//W3C//DTD XHTML 1.0 Transitional//EN"
    "http://www.w3.org/TR/xhtml1/DTD/xhtml1-transitional.dtd">
<html xmlns="http://www.w3.org/1999/xhtml" xml:lang="en" lang="en">
 <head>
  <title>
</title>
<meta http-equiv="Content-Type" content="text/html;charset=utf-8" />
  <meta name='ocr-system' content='tesseract 3.04.00' />
  <meta name='ocr-capabilities' content='ocr_page ocr_carea ocr_par ocr_line ocrx_word'/>
</head>
<body>
  <div class='ocr_page' id='page_1' title='image "./janiplanciarimin02bian_0124.png"; bbox 0 0 2125 2915; ppageno 0'>
   <div class='ocr_carea' id='block_1_1' title="bbox 581 237 656 265">
    <p class='ocr_par' dir='ltr' id='par_1_1' title="bbox 581 237 656 265">
     <span class='ocr_line' id='line_1_1' title="bbox 581 237 656 265; baseline 0 -1"><span class='ocrx_word' id='word_1_1' title='bbox 581 237 656 265; x_wconf 83' lang='lat'>120</span> 
     </span>
    </p>
   </div>
   <div class='ocr_carea' id='block_1_2' title="bbox 716 309 1872 364">
    <p class='ocr_par' dir='ltr' id='par_1_2' title="bbox 716 309 1872 364">
     <span class='ocr_line' id='line_1_2' title="bbox 716 309 1872 364; baseline 0.01 -11"><span class='ocrx_word' id='word_1_2' title='bbox 716 309 1117 354; x_wconf 87' lang='lat' dir='ltr'>EXPLICATIO</span> <span class='ocrx_word' id='word_1_3' title='bbox 1156 314 1433 356; x_wconf 85' lang='lat' dir='ltr'>OMNIVM</span> <span class='ocrx_word' id='word_1_4' title='bbox 1472 316 1872 364; x_wconf 81' lang='lat' dir='ltr'>FIGVRARVM</span> 
     </span>
    </p>
   </div>
   <div class='ocr_carea' id='block_1_3' title="bbox 845 408 1738 519">
    <p class='ocr_par' dir='ltr' id='par_1_3' title="bbox 845 408 1738 519">
     <span class='ocr_line' id='line_1_3' title="bbox 845 408 1738 469; baseline 0.015 -26"><span class='ocrx_word' id='word_1_5' title='bbox 845 409 961 466; x_wconf 76' lang='lat' dir='ltr'>Qae</span> <span class='ocrx_word' id='word_1_6' title='bbox 997 409 1164 461; x_wconf 57' lang='lat' dir='ltr'>prostant</span> <span class='ocrx_word' id='word_1_7' title='bbox 1195 413 1232 448; x_wconf 87' lang='lat' dir='ltr'>in</span> <span class='ocrx_word' id='word_1_8' title='bbox 1265 408 1413 451; x_wconf 84' lang='lat' dir='ltr'><em>Tabulis</em></span> <span class='ocrx_word' id='word_1_9' title='bbox 1443 422 1520 451; x_wconf 79' lang='lat' dir='ltr'>tam</span> <span class='ocrx_word' id='word_1_10' title='bbox 1549 418 1709 469; x_wconf 77' lang='lat' dir='ltr'><em>antiquis</em></span> <span class='ocrx_word' id='word_1_11' title='bbox 1729 443 1738 456; x_wconf 58' lang='lat'><strong>³</strong></span> 
     </span>
     <span class='ocr_line' id='line_1_4' title="bbox 1078 466 1499 519; baseline 0.002 -16"><span class='ocrx_word' id='word_1_12' title='bbox 1078 478 1188 519; x_wconf 80' lang='lat' dir='ltr'>quam</span> <span class='ocrx_word' id='word_1_13' title='bbox 1220 466 1499 508; x_wconf 78' lang='lat' dir='ltr'>recentioribus.</span> 
     </span>
    </p>
   </div>
   <div class='ocr_carea' id='block_1_4' title="bbox 990 555 1674 603">
    <p class='ocr_par' dir='ltr' id='par_1_4' title="bbox 990 555 1674 603">
     <span class='ocr_line' id='line_1_5' title="bbox 990 555 1674 603; baseline 0.009 -6"><span class='ocrx_word' id='word_1_14' title='bbox 990 555 1280 601; x_wconf 88' lang='lat' dir='ltr'>TABVLA</span> <span class='ocrx_word' id='word_1_15' title='bbox 1335 561 1599 603; x_wconf 83' lang='lat' dir='ltr'><strong>PRIMA.</strong></span> <span class='ocrx_word' id='word_1_16' title='bbox 1671 571 1674 573; x_wconf 73' lang='grc'><strong>’</strong></span> 
     </span>
    </p>
   </div>
   <div class='ocr_carea' id='block_1_5' title="bbox 552 650 2008 2569">
    <p class='ocr_par' dir='ltr' id='par_1_5' title="bbox 658 650 2008 809">
     <span class='ocr_line' id='line_1_6' title="bbox 658 650 2008 713; baseline 0.007 -22"><span class='ocrx_word' id='word_1_17' title='bbox 658 652 713 691; x_wconf 80' lang='lat' dir='ltr'>Ic.</span> <span class='ocrx_word' id='word_1_18' title='bbox 732 652 762 691; x_wconf 87' lang='grc' dir='ltr'>Ι.</span> <span class='ocrx_word' id='word_1_19' title='bbox 777 651 826 691; x_wconf 86' lang='grc' dir='ltr'>Α.</span> <span class='ocrx_word' id='word_1_20' title='bbox 863 650 916 693; x_wconf 89' lang='lat' dir='ltr'>est</span> <span class='ocrx_word' id='word_1_21' title='bbox 931 654 1067 694; x_wconf 84' lang='lat' dir='ltr'>Cornu</span> <span class='ocrx_word' id='word_1_22' title='bbox 1084 656 1318 696; x_wconf 80' lang='lat' dir='ltr'>Hammonis</span> <span class='ocrx_word' id='word_1_23' title='bbox 1334 657 1507 710; x_wconf 88' lang='lat' dir='ltr'>primum</span> <span class='ocrx_word' id='word_1_24' title='bbox 1525 658 1831 713; x_wconf 81' lang='lat' dir='ltr'>vulgatissimum</span> <span class='ocrx_word' id='word_1_25' title='bbox 1844 661 2008 701; x_wconf 88' lang='lat' dir='ltr'>Littoris</span> 
     </span>
     <span class='ocr_line' id='line_1_7' title="bbox 672 708 2005 772; baseline 0.008 -25"><span class='ocrx_word' id='word_1_26' title='bbox 672 710 744 749; x_wconf 88' lang='lat' dir='ltr'>Ari</span> <span class='ocrx_word' id='word_1_27' title='bbox 755 708 930 750; x_wconf 78' lang='lat' dir='ltr'>minensis</span> <span class='ocrx_word' id='word_1_28' title='bbox 959 711 996 750; x_wconf 86' lang='lat' dir='ltr'>in</span> <span class='ocrx_word' id='word_1_29' title='bbox 1023 710 1124 752; x_wconf 84' lang='lat' dir='ltr'>statu</span> <span class='ocrx_word' id='word_1_30' title='bbox 1139 712 1322 752; x_wconf 79' lang='lat' dir='ltr'>naturali·</span> <span class='ocrx_word' id='word_1_31' title='bbox 1338 714 1377 753; x_wconf 89' lang='lat' dir='ltr'>B.</span> <span class='ocrx_word' id='word_1_32' title='bbox 1392 714 1434 754; x_wconf 76' lang='grc' dir='ltr'>ὅ(</span> <span class='ocrx_word' id='word_1_33' title='bbox 1449 717 1493 755; x_wconf 93' lang='lat' dir='ltr'>C.</span> <span class='ocrx_word' id='word_1_34' title='bbox 1510 715 1620 756; x_wconf 86' lang='lat' dir='ltr'>Idem</span> <span class='ocrx_word' id='word_1_35' title='bbox 1637 729 1685 757; x_wconf 85' lang='lat' dir='ltr'>ex</span> <span class='ocrx_word' id='word_1_36' title='bbox 1700 727 1865 771; x_wconf 80' lang='lat' dir='ltr'>utraque</span> <span class='ocrx_word' id='word_1_37' title='bbox 1890 727 2005 772; x_wconf 84' lang='lat' dir='ltr'>parte</span> 
     </span>
     <span class='ocr_line' id='line_1_8' title="bbox 687 767 1019 809; baseline 0.009 -4"><span class='ocrx_word' id='word_1_38' title='bbox 687 767 800 805; x_wconf 82' lang='lat' dir='ltr'>vitro</span> <span class='ocrx_word' id='word_1_39' title='bbox 832 769 1019 809; x_wconf 73' lang='lat' dir='ltr'>aucstum.</span> 
     </span>
    </p>

    <p class='ocr_par' dir='ltr' id='par_1_6' title="bbox 570 821 2008 979">
     <span class='ocr_line' id='line_1_9' title="bbox 570 821 2008 882; baseline 0.005 -20"><span class='ocrx_word' id='word_1_40' title='bbox 570 823 709 877; x_wconf 68' lang='lat' dir='ltr'>Figll.</span> <span class='ocrx_word' id='word_1_41' title='bbox 731 823 782 861; x_wconf 87' lang='lat' dir='ltr'>D.</span> <span class='ocrx_word' id='word_1_42' title='bbox 801 821 853 862; x_wconf 91' lang='lat' dir='ltr'>est</span> <span class='ocrx_word' id='word_1_43' title='bbox 869 824 1007 863; x_wconf 89' lang='lat' dir='ltr'>Cornu</span> <span class='ocrx_word' id='word_1_44' title='bbox 1021 823 1253 865; x_wconf 81' lang='lat' dir='ltr'>Hammonis</span> <span class='ocrx_word' id='word_1_45' title='bbox 1277 826 1544 867; x_wconf 83' lang='lat' dir='ltr'>orbiculatum</span> <span class='ocrx_word' id='word_1_46' title='bbox 1568 831 1691 868; x_wconf 85' lang='lat' dir='ltr'>minus</span> <span class='ocrx_word' id='word_1_47' title='bbox 1721 829 1880 882; x_wconf 81' lang='lat' dir='ltr'>vulgare</span> <span class='ocrx_word' id='word_1_48' title='bbox 1912 828 2008 882; x_wconf 86' lang='lat' dir='ltr'>ejus-</span> 
     </span>
     <span class='ocr_line' id='line_1_10' title="bbox 682 879 2008 940; baseline 0.005 -21"><span class='ocrx_word' id='word_1_49' title='bbox 682 880 770 920; x_wconf 88' lang='lat' dir='ltr'>dem</span> <span class='ocrx_word' id='word_1_50' title='bbox 801 879 964 920; x_wconf 90' lang='lat' dir='ltr'>Littoris</span> <span class='ocrx_word' id='word_1_51' title='bbox 985 881 1026 921; x_wconf 89' lang='lat' dir='ltr'>in</span> <span class='ocrx_word' id='word_1_52' title='bbox 1041 880 1140 922; x_wconf 76' lang='lat' dir='ltr'>statu</span> <span class='ocrx_word' id='word_1_53' title='bbox 1156 882 1323 923; x_wconf 79' lang='lat' dir='ltr'>naturali</span> <span class='ocrx_word' id='word_1_54' title='bbox 1339 911 1346 918; x_wconf 87' lang='lat'>-</span> <span class='ocrx_word' id='word_1_55' title='bbox 1381 883 1419 924; x_wconf 82' lang='lat' dir='ltr'>E.</span> <span class='ocrx_word' id='word_1_56' title='bbox 1439 885 1482 928; x_wconf 84' lang='lat'>&amp;</span> <span class='ocrx_word' id='word_1_57' title='bbox 1499 884 1534 923; x_wconf 86' lang='lat' dir='ltr'>F.</span> <span class='ocrx_word' id='word_1_58' title='bbox 1553 885 1662 927; x_wconf 82' lang='lat' dir='ltr'>Idem</span> <span class='ocrx_word' id='word_1_59' title='bbox 1676 899 1724 926; x_wconf 85' lang='lat' dir='ltr'>ex</span> <span class='ocrx_word' id='word_1_60' title='bbox 1738 895 1902 939; x_wconf 81' lang='lat' dir='ltr'>utraque</span> <span class='ocrx_word' id='word_1_61' title='bbox 1918 899 2008 940; x_wconf 81' lang='lat' dir='ltr'>par-</span> 
     </span>
     <span class='ocr_line' id='line_1_11' title="bbox 684 938 1054 979; baseline 0.003 -2"><span class='ocrx_word' id='word_1_62' title='bbox 684 950 723 977; x_wconf 88' lang='lat' dir='ltr'>te</span> <span class='ocrx_word' id='word_1_63' title='bbox 748 939 855 979; x_wconf 85' lang='lat' dir='ltr'>vitro</span> <span class='ocrx_word' id='word_1_64' title='bbox 872 938 1030 978; x_wconf 74' lang='lat' dir='ltr'>aucstum</span> <span class='ocrx_word' id='word_1_65' title='bbox 1047 970 1054 978; x_wconf 89' lang='lat'>.</span> 
     </span>
    </p>

    <p class='ocr_par' dir='ltr' id='par_1_7' title="bbox 565 992 2007 1149">
     <span class='ocr_line' id='line_1_12' title="bbox 565 992 2005 1050; baseline 0 -15"><span class='ocrx_word' id='word_1_66' title='bbox 565 996 644 1050; x_wconf 86' lang='lat' dir='ltr'>Fig.</span> <span class='ocrx_word' id='word_1_67' title='bbox 668 995 740 1034; x_wconf 90' lang='grc' dir='ltr'>ΙΙΙ.</span> <span class='ocrx_word' id='word_1_68' title='bbox 772 995 821 1033; x_wconf 86' lang='lat' dir='ltr'>G·</span> <span class='ocrx_word' id='word_1_69' title='bbox 853 992 905 1033; x_wconf 90' lang='lat' dir='ltr'>est</span> <span class='ocrx_word' id='word_1_70' title='bbox 919 996 1057 1035; x_wconf 86' lang='lat' dir='ltr'>Cornu</span> <span class='ocrx_word' id='word_1_71' title='bbox 1082 998 1312 1037; x_wconf 76' lang='lat' dir='ltr'><strong>Hammonis</strong></span> <span class='ocrx_word' id='word_1_72' title='bbox 1338 999 1498 1038; x_wconf 84' lang='lat' dir='ltr'>tertium</span> <span class='ocrx_word' id='word_1_73' title='bbox 1521 995 1691 1049; x_wconf 82' lang='lat' dir='ltr'>ejusdem</span> <span class='ocrx_word' id='word_1_74' title='bbox 1720 997 1908 1040; x_wconf 75' lang='lat' dir='ltr'>Litteris,</span> <span class='ocrx_word' id='word_1_75' title='bbox 1941 995 2005 1036; x_wconf 87' lang='lat' dir='ltr'>seu</span> 
     </span>
     <span class='ocr_line' id='line_1_13' title="bbox 679 1051 2007 1108; baseline -0.001 -15"><span class='ocrx_word' id='word_1_76' title='bbox 679 1051 834 1093; x_wconf 87' lang='lat' dir='ltr'>Nautili</span> <span class='ocrx_word' id='word_1_77' title='bbox 860 1065 979 1105; x_wconf 87' lang='lat' dir='ltr'>genus</span> <span class='ocrx_word' id='word_1_78' title='bbox 1004 1054 1044 1093; x_wconf 89' lang='lat' dir='ltr'>in</span> <span class='ocrx_word' id='word_1_79' title='bbox 1059 1051 1159 1094; x_wconf 75' lang='lat' dir='ltr'>statu</span> <span class='ocrx_word' id='word_1_80' title='bbox 1177 1051 1347 1095; x_wconf 84' lang='lat' dir='ltr'>naturali</span> <span class='ocrx_word' id='word_1_81' title='bbox 1365 1080 1374 1090; x_wconf 84' lang='lat'><strong>·</strong></span> <span class='ocrx_word' id='word_1_82' title='bbox 1406 1053 1455 1093; x_wconf 85' lang='lat' dir='ltr'>H.</span> <span class='ocrx_word' id='word_1_83' title='bbox 1484 1053 1528 1094; x_wconf 84' lang='lat'>&amp;</span> <span class='ocrx_word' id='word_1_84' title='bbox 1552 1054 1587 1093; x_wconf 89' lang='lat'>1.</span> <span class='ocrx_word' id='word_1_85' title='bbox 1606 1053 1717 1094; x_wconf 88' lang='lat' dir='ltr'>Idem</span> <span class='ocrx_word' id='word_1_86' title='bbox 1734 1067 1901 1108; x_wconf 86' lang='lat' dir='ltr'>utraque</span> <span class='ocrx_word' id='word_1_87' title='bbox 1918 1066 2007 1106; x_wconf 74' lang='lat' dir='ltr'>par-</span> 
     </span>
     <span class='ocr_line' id='line_1_14' title="bbox 677 1110 1040 1149; baseline 0.006 -2"><span class='ocrx_word' id='word_1_88' title='bbox 677 1122 715 1149; x_wconf 91' lang='lat' dir='ltr'>te</span> <span class='ocrx_word' id='word_1_89' title='bbox 732 1110 838 1149; x_wconf 88' lang='lat' dir='ltr'>vitro</span> <span class='ocrx_word' id='word_1_90' title='bbox 854 1111 1014 1149; x_wconf 72' lang='lat' dir='ltr'>anetum</span> <span class='ocrx_word' id='word_1_91' title='bbox 1031 1141 1040 1149; x_wconf 93' lang='lat'><strong>.</strong></span> 
     </span>
    </p>

    <p class='ocr_par' dir='ltr' id='par_1_8' title="bbox 566 1163 2007 1330">
     <span class='ocr_line' id='line_1_15' title="bbox 566 1163 2007 1222; baseline 0.001 -20"><span class='ocrx_word' id='word_1_92' title='bbox 566 1165 645 1218; x_wconf 79' lang='lat' dir='ltr'>Fig.</span> <span class='ocrx_word' id='word_1_93' title='bbox 666 1167 752 1204; x_wconf 85' lang='lat' dir='ltr'>XII.</span> <span class='ocrx_word' id='word_1_94' title='bbox 781 1167 813 1204; x_wconf 83' lang='lat' dir='ltr'>S.</span> <span class='ocrx_word' id='word_1_95' title='bbox 832 1166 874 1205; x_wconf 85' lang='lat'>&amp;</span> <span class='ocrx_word' id='word_1_96' title='bbox 888 1164 934 1205; x_wconf 89' lang='lat' dir='ltr'>T.</span> <span class='ocrx_word' id='word_1_97' title='bbox 956 1166 1065 1208; x_wconf 87' lang='lat' dir='ltr'>Idem</span> <span class='ocrx_word' id='word_1_98' title='bbox 1085 1182 1177 1208; x_wconf 91' lang='lat' dir='ltr'>cum</span> <span class='ocrx_word' id='word_1_99' title='bbox 1193 1166 1258 1208; x_wconf 90' lang='lat' dir='ltr'>suo</span> <span class='ocrx_word' id='word_1_100' title='bbox 1276 1170 1451 1222; x_wconf 83' lang='lat' dir='ltr'>margine</span> <span class='ocrx_word' id='word_1_101' title='bbox 1466 1170 1575 1208; x_wconf 85' lang='lat' dir='ltr'>vitro</span> <span class='ocrx_word' id='word_1_102' title='bbox 1591 1170 1750 1208; x_wconf 63' lang='lat' dir='ltr'>aucs’cum</span> <span class='ocrx_word' id='word_1_103' title='bbox 1769 1198 1776 1205; x_wconf 94' lang='lat'><strong>.</strong></span> <span class='ocrx_word' id='word_1_104' title='bbox 1807 1166 1873 1205; x_wconf 86' lang='lat' dir='ltr'>Ad</span> <span class='ocrx_word' id='word_1_105' title='bbox 1890 1166 1936 1205; x_wconf 83' lang='lat' dir='ltr'>V.</span> <span class='ocrx_word' id='word_1_106' title='bbox 1952 1163 2007 1205; x_wconf 88' lang='lat' dir='ltr'>est</span> 
     </span>
     <span class='ocr_line' id='line_1_16' title="bbox 677 1221 2005 1280; baseline -0.002 -17"><span class='ocrx_word' id='word_1_107' title='bbox 677 1221 779 1260; x_wconf 88' lang='lat' dir='ltr'>idem</span> <span class='ocrx_word' id='word_1_108' title='bbox 809 1232 922 1273; x_wconf 79' lang='lat' dir='ltr'>parte</span> <span class='ocrx_word' id='word_1_109' title='bbox 953 1223 1104 1264; x_wconf 82' lang='lat' dir='ltr'>laterali</span> <span class='ocrx_word' id='word_1_110' title='bbox 1117 1223 1336 1280; x_wconf 73' lang='lat' dir='ltr'>expressum</span> <span class='ocrx_word' id='word_1_111' title='bbox 1352 1253 1363 1268; x_wconf 88' lang='lat'><em>‚</em></span> <span class='ocrx_word' id='word_1_112' title='bbox 1394 1236 1438 1265; x_wconf 89' lang='lat' dir='ltr'>ut</span> <span class='ocrx_word' id='word_1_113' title='bbox 1454 1225 1589 1265; x_wconf 87' lang='lat' dir='ltr'>melius</span> <span class='ocrx_word' id='word_1_114' title='bbox 1609 1227 1687 1277; x_wconf 87' lang='lat' dir='ltr'>ejus</span> <span class='ocrx_word' id='word_1_115' title='bbox 1705 1223 1915 1264; x_wconf 83' lang='lat' dir='ltr'>umbilicus</span> <span class='ocrx_word' id='word_1_116' title='bbox 1929 1249 1942 1264; x_wconf 81' lang='lat'><em>‚</em></span> <span class='ocrx_word' id='word_1_117' title='bbox 1961 1222 2005 1260; x_wconf 89' lang='lat'>&amp;</span> 
     </span>
     <span class='ocr_line' id='line_1_17' title="bbox 681 1290 1038 1330; baseline -0.006 -13"><span class='ocrx_word' id='word_1_118' title='bbox 681 1291 819 1330; x_wconf 81' lang='lat' dir='ltr'>margo</span> <span class='ocrx_word' id='word_1_119' title='bbox 834 1290 1014 1318; x_wconf 85' lang='lat' dir='ltr'>cernatur</span> <span class='ocrx_word' id='word_1_120' title='bbox 1031 1308 1038 1315; x_wconf 90' lang='lat'><strong>.</strong></span> 
     </span>
    </p>

    <p class='ocr_par' dir='ltr' id='par_1_9' title="bbox 565 1330 2008 1431">
     <span class='ocr_line' id='line_1_18' title="bbox 565 1330 2008 1389; baseline -0.004 -11"><span class='ocrx_word' id='word_1_121' title='bbox 565 1335 643 1388; x_wconf 81' lang='lat' dir='ltr'>Fig-</span> <span class='ocrx_word' id='word_1_122' title='bbox 661 1334 766 1373; x_wconf 88' lang='lat' dir='ltr'>XIII.</span> <span class='ocrx_word' id='word_1_123' title='bbox 785 1348 816 1373; x_wconf 82' lang='lat' dir='ltr'>z-</span> <span class='ocrx_word' id='word_1_124' title='bbox 849 1332 901 1372; x_wconf 85' lang='lat' dir='ltr'>est</span> <span class='ocrx_word' id='word_1_125' title='bbox 938 1335 1046 1376; x_wconf 87' lang='lat' dir='ltr'>Idem</span> <span class='ocrx_word' id='word_1_126' title='bbox 1062 1365 1073 1380; x_wconf 85' lang='lat'>‚</span> <span class='ocrx_word' id='word_1_127' title='bbox 1118 1335 1179 1377; x_wconf 86' lang='lat' dir='ltr'>sed</span> <span class='ocrx_word' id='word_1_128' title='bbox 1214 1340 1336 1389; x_wconf 85' lang='lat' dir='ltr'>majus</span> <span class='ocrx_word' id='word_1_129' title='bbox 1367 1340 1407 1378; x_wconf 88' lang='lat' dir='ltr'>in</span> <span class='ocrx_word' id='word_1_130' title='bbox 1436 1337 1537 1377; x_wconf 85' lang='lat' dir='ltr'>statu</span> <span class='ocrx_word' id='word_1_131' title='bbox 1567 1336 1734 1376; x_wconf 72' lang='lat' dir='ltr'>naturali</span> <span class='ocrx_word' id='word_1_132' title='bbox 1751 1362 1759 1370; x_wconf 88' lang='lat'><strong>·</strong></span> <span class='ocrx_word' id='word_1_133' title='bbox 1792 1334 1857 1374; x_wconf 90' lang='lat' dir='ltr'>Ad</span> <span class='ocrx_word' id='word_1_134' title='bbox 1887 1335 1928 1373; x_wconf 87' lang='lat' dir='ltr'>Z·</span> <span class='ocrx_word' id='word_1_135' title='bbox 1955 1330 2008 1373; x_wconf 83' lang='lat' dir='ltr'>est</span> 
     </span>
     <span class='ocr_line' id='line_1_19' title="bbox 680 1393 1001 1431; baseline -0.012 0"><span class='ocrx_word' id='word_1_136' title='bbox 680 1393 786 1431; x_wconf 84' lang='lat' dir='ltr'>vitro</span> <span class='ocrx_word' id='word_1_137' title='bbox 815 1393 974 1431; x_wconf 56' lang='lat' dir='ltr'>auitum</span> <span class='ocrx_word' id='word_1_138' title='bbox 994 1419 1001 1427; x_wconf 87' lang='lat'>.</span> 
     </span>
    </p>

    <p class='ocr_par' dir='ltr' id='par_1_10' title="bbox 563 1445 2007 1609">
     <span class='ocr_line' id='line_1_20' title="bbox 563 1445 2007 1502; baseline 0 -16"><span class='ocrx_word' id='word_1_139' title='bbox 563 1448 640 1500; x_wconf 83' lang='lat' dir='ltr'>Fig.</span> <span class='ocrx_word' id='word_1_140' title='bbox 657 1447 725 1486; x_wconf 92' lang='lat' dir='ltr'>IV.</span> <span class='ocrx_word' id='word_1_141' title='bbox 741 1448 782 1485; x_wconf 88' lang='lat' dir='ltr'>L.</span> <span class='ocrx_word' id='word_1_142' title='bbox 808 1445 861 1486; x_wconf 85' lang='lat' dir='ltr'>est</span> <span class='ocrx_word' id='word_1_143' title='bbox 890 1450 1027 1488; x_wconf 86' lang='lat' dir='ltr'>Cornu</span> <span class='ocrx_word' id='word_1_144' title='bbox 1045 1451 1276 1490; x_wconf 83' lang='lat' dir='ltr'>Hammonis</span> <span class='ocrx_word' id='word_1_145' title='bbox 1305 1448 1478 1502; x_wconf 85' lang='lat' dir='ltr'>ejusdem</span> <span class='ocrx_word' id='word_1_146' title='bbox 1510 1449 1676 1489; x_wconf 84' lang='lat' dir='ltr'>Littoris</span> <span class='ocrx_word' id='word_1_147' title='bbox 1701 1450 1898 1497; x_wconf 81' lang='lat' dir='ltr'>Qartum</span> <span class='ocrx_word' id='word_1_148' title='bbox 1917 1474 1925 1488; x_wconf 91' lang='lat'>‚</span> <span class='ocrx_word' id='word_1_149' title='bbox 1945 1445 2007 1486; x_wconf 89' lang='lat' dir='ltr'>seu</span> 
     </span>
     <span class='ocr_line' id='line_1_21' title="bbox 676 1501 2004 1555; baseline -0.003 -12"><span class='ocrx_word' id='word_1_150' title='bbox 676 1503 830 1543; x_wconf 86' lang='lat' dir='ltr'>Nautili</span> <span class='ocrx_word' id='word_1_151' title='bbox 858 1519 976 1555; x_wconf 88' lang='lat' dir='ltr'>genus</span> <span class='ocrx_word' id='word_1_152' title='bbox 1007 1506 1196 1544; x_wconf 86' lang='lat' dir='ltr'>umbilico</span> <span class='ocrx_word' id='word_1_153' title='bbox 1220 1519 1354 1544; x_wconf 69' lang='lat' dir='ltr'>carens</span> <span class='ocrx_word' id='word_1_154' title='bbox 1379 1508 1419 1538; x_wconf 86' lang='lat' dir='ltr'>iu</span> <span class='ocrx_word' id='word_1_155' title='bbox 1449 1505 1548 1542; x_wconf 83' lang='lat' dir='ltr'>statu</span> <span class='ocrx_word' id='word_1_156' title='bbox 1579 1501 1777 1541; x_wconf 81' lang='lat' dir='ltr'>naturali·</span> <span class='ocrx_word' id='word_1_157' title='bbox 1810 1502 1863 1539; x_wconf 25' lang='lat' dir='ltr'>M*</span> <span class='ocrx_word' id='word_1_158' title='bbox 1883 1502 1926 1540; x_wconf 69' lang='grc' dir='ltr'>ὃ(</span> <span class='ocrx_word' id='word_1_159' title='bbox 1951 1503 2004 1540; x_wconf 89' lang='grc' dir='ltr'>Ν.</span> 
     </span>
     <span class='ocr_line' id='line_1_22' title="bbox 676 1556 1435 1609; baseline -0.004 -12"><span class='ocrx_word' id='word_1_160' title='bbox 676 1559 785 1597; x_wconf 84' lang='lat' dir='ltr'>Idem</span> <span class='ocrx_word' id='word_1_161' title='bbox 814 1566 978 1608; x_wconf 84' lang='lat' dir='ltr'>utraque</span> <span class='ocrx_word' id='word_1_162' title='bbox 994 1566 1107 1609; x_wconf 84' lang='lat' dir='ltr'>parte</span> <span class='ocrx_word' id='word_1_163' title='bbox 1122 1559 1229 1594; x_wconf 88' lang='lat' dir='ltr'>vitro</span> <span class='ocrx_word' id='word_1_164' title='bbox 1248 1556 1406 1594; x_wconf 72' lang='lat' dir='ltr'>aud‘cum</span> <span class='ocrx_word' id='word_1_165' title='bbox 1428 1583 1435 1589; x_wconf 89' lang='lat'>-</span> 
     </span>
    </p>

    <p class='ocr_par' dir='ltr' id='par_1_11' title="bbox 561 1612 2005 1668">
     <span class='ocr_line' id='line_1_23' title="bbox 561 1612 2005 1668; baseline -0.003 -13"><span class='ocrx_word' id='word_1_166' title='bbox 561 1618 636 1668; x_wconf 72' lang='lat' dir='ltr'>Fig.</span> <span class='ocrx_word' id='word_1_167' title='bbox 651 1616 716 1654; x_wconf 86' lang='lat' dir='ltr'>Xl.</span> <span class='ocrx_word' id='word_1_168' title='bbox 732 1613 790 1664; x_wconf 91' lang='lat' dir='ltr'>Q</span> <span class='ocrx_word' id='word_1_169' title='bbox 802 1613 901 1652; x_wconf 81' lang='lat' dir='ltr'>&amp;R-</span> <span class='ocrx_word' id='word_1_170' title='bbox 921 1612 1030 1651; x_wconf 83' lang='lat' dir='ltr'>Idem</span> <span class='ocrx_word' id='word_1_171' title='bbox 1048 1625 1139 1650; x_wconf 90' lang='lat' dir='ltr'>cum</span> <span class='ocrx_word' id='word_1_172' title='bbox 1156 1612 1336 1666; x_wconf 78' lang='lat' dir='ltr'>margine</span> <span class='ocrx_word' id='word_1_173' title='bbox 1350 1625 1398 1650; x_wconf 85' lang='lat' dir='ltr'>ex</span> <span class='ocrx_word' id='word_1_174' title='bbox 1409 1621 1573 1663; x_wconf 86' lang='lat' dir='ltr'>utraque</span> <span class='ocrx_word' id='word_1_175' title='bbox 1591 1621 1704 1664; x_wconf 84' lang='lat' dir='ltr'>parte</span> <span class='ocrx_word' id='word_1_176' title='bbox 1716 1613 1821 1651; x_wconf 84' lang='lat' dir='ltr'>vitro</span> <span class='ocrx_word' id='word_1_177' title='bbox 1837 1614 2005 1652; x_wconf 46' lang='lat' dir='ltr'>audium-</span> 
     </span>
    </p>

    <p class='ocr_par' dir='ltr' id='par_1_12' title="bbox 562 1666 2007 1835">
     <span class='ocr_line' id='line_1_24' title="bbox 562 1666 2007 1726; baseline -0.002 -16"><span class='ocrx_word' id='word_1_178' title='bbox 562 1674 638 1726; x_wconf 76' lang='lat' dir='ltr'>Fig.</span> <span class='ocrx_word' id='word_1_179' title='bbox 660 1672 699 1708; x_wconf 80' lang='lat' dir='ltr'>V.</span> <span class='ocrx_word' id='word_1_180' title='bbox 716 1673 762 1708; x_wconf 80' lang='lat' dir='ltr'>A.</span> <span class='ocrx_word' id='word_1_181' title='bbox 782 1666 835 1708; x_wconf 88' lang='lat' dir='ltr'>est</span> <span class='ocrx_word' id='word_1_182' title='bbox 849 1670 987 1708; x_wconf 89' lang='lat' dir='ltr'>Cornu</span> <span class='ocrx_word' id='word_1_183' title='bbox 1009 1667 1241 1708; x_wconf 81' lang='lat' dir='ltr'>Hammonis</span> <span class='ocrx_word' id='word_1_184' title='bbox 1271 1669 1447 1708; x_wconf 70' lang='lat' dir='ltr'>erecstum</span> <span class='ocrx_word' id='word_1_185' title='bbox 1479 1669 1605 1707; x_wconf 88' lang='lat' dir='ltr'>minus</span> <span class='ocrx_word' id='word_1_186' title='bbox 1624 1669 1787 1720; x_wconf 81' lang='lat' dir='ltr'>vulgare</span> <span class='ocrx_word' id='word_1_187' title='bbox 1807 1699 1815 1711; x_wconf 90' lang='lat'>‚</span> <span class='ocrx_word' id='word_1_188' title='bbox 1847 1668 1906 1709; x_wconf 89' lang='lat' dir='ltr'>seu</span> <span class='ocrx_word' id='word_1_189' title='bbox 1931 1671 2007 1708; x_wconf 69' lang='lat' dir='ltr'>Of.</span> 
     </span>
     <span class='ocr_line' id='line_1_25' title="bbox 674 1722 2006 1778; baseline -0.001 -13"><span class='ocrx_word' id='word_1_190' title='bbox 674 1725 852 1765; x_wconf 85' lang='lat' dir='ltr'>thoceras</span> <span class='ocrx_word' id='word_1_191' title='bbox 883 1724 1003 1764; x_wconf 86' lang='lat' dir='ltr'>veluti</span> <span class='ocrx_word' id='word_1_192' title='bbox 1019 1738 1068 1765; x_wconf 83' lang='lat' dir='ltr'>ex</span> <span class='ocrx_word' id='word_1_193' title='bbox 1097 1723 1267 1778; x_wconf 81' lang='lat' dir='ltr'>globulis</span> <span class='ocrx_word' id='word_1_194' title='bbox 1294 1722 1472 1763; x_wconf 79' lang='lat' dir='ltr'>constans</span> <span class='ocrx_word' id='word_1_195' title='bbox 1500 1722 1669 1776; x_wconf 85' lang='lat' dir='ltr'>ejusdem</span> <span class='ocrx_word' id='word_1_196' title='bbox 1696 1727 1858 1765; x_wconf 85' lang='lat' dir='ltr'>Littoris</span> <span class='ocrx_word' id='word_1_197' title='bbox 1879 1727 1919 1764; x_wconf 90' lang='lat' dir='ltr'>in</span> <span class='ocrx_word' id='word_1_198' title='bbox 1935 1724 2006 1764; x_wconf 79' lang='lat' dir='ltr'>sta-</span> 
     </span>
     <span class='ocr_line' id='line_1_26' title="bbox 675 1781 2002 1835; baseline -0.002 -13"><span class='ocrx_word' id='word_1_199' title='bbox 675 1796 716 1822; x_wconf 84' lang='lat' dir='ltr'>tu</span> <span class='ocrx_word' id='word_1_200' title='bbox 739 1782 903 1822; x_wconf 76' lang='lat' dir='ltr'>naturali</span> <span class='ocrx_word' id='word_1_201' title='bbox 921 1809 929 1817; x_wconf 88' lang='lat'><strong><em>.</em></strong></span> <span class='ocrx_word' id='word_1_202' title='bbox 962 1783 1001 1819; x_wconf 90' lang='grc' dir='ltr'>Β.</span> <span class='ocrx_word' id='word_1_203' title='bbox 1019 1782 1061 1820; x_wconf 88' lang='lat'>&amp;</span> <span class='ocrx_word' id='word_1_204' title='bbox 1077 1784 1123 1821; x_wconf 88' lang='lat' dir='ltr'>C.</span> <span class='ocrx_word' id='word_1_205' title='bbox 1142 1781 1250 1820; x_wconf 85' lang='lat' dir='ltr'>Idem</span> <span class='ocrx_word' id='word_1_206' title='bbox 1270 1795 1319 1819; x_wconf 83' lang='lat' dir='ltr'>ex</span> <span class='ocrx_word' id='word_1_207' title='bbox 1350 1792 1517 1834; x_wconf 85' lang='lat' dir='ltr'>utraque</span> <span class='ocrx_word' id='word_1_208' title='bbox 1542 1792 1653 1835; x_wconf 77' lang='lat' dir='ltr'>parte</span> <span class='ocrx_word' id='word_1_209' title='bbox 1681 1785 1786 1821; x_wconf 84' lang='lat' dir='ltr'>vitro</span> <span class='ocrx_word' id='word_1_210' title='bbox 1817 1783 1978 1821; x_wconf 55' lang='lat' dir='ltr'>audium</span> <span class='ocrx_word' id='word_1_211' title='bbox 1994 1811 2002 1819; x_wconf 91' lang='lat'><strong>.</strong></span> 
     </span>
    </p>

    <p class='ocr_par' dir='ltr' id='par_1_13' title="bbox 561 1836 2005 1988">
     <span class='ocr_line' id='line_1_27' title="bbox 561 1836 2005 1894; baseline -0.001 -15"><span class='ocrx_word' id='word_1_212' title='bbox 561 1841 638 1894; x_wconf 81' lang='lat' dir='ltr'>Fig.</span> <span class='ocrx_word' id='word_1_213' title='bbox 660 1840 728 1878; x_wconf 89' lang='lat' dir='ltr'>VI.</span> <span class='ocrx_word' id='word_1_214' title='bbox 748 1840 796 1877; x_wconf 88' lang='lat' dir='ltr'>D.</span> <span class='ocrx_word' id='word_1_215' title='bbox 813 1839 854 1876; x_wconf 72' lang='grc' dir='ltr'>ἃ</span> <span class='ocrx_word' id='word_1_216' title='bbox 871 1839 918 1877; x_wconf 93' lang='lat' dir='ltr'>H.</span> <span class='ocrx_word' id='word_1_217' title='bbox 948 1837 1001 1876; x_wconf 85' lang='lat' dir='ltr'>est</span> <span class='ocrx_word' id='word_1_218' title='bbox 1015 1839 1153 1876; x_wconf 85' lang='lat' dir='ltr'>Cornu</span> <span class='ocrx_word' id='word_1_219' title='bbox 1184 1836 1418 1875; x_wconf 72' lang='lat' dir='ltr'>Hammonis</span> <span class='ocrx_word' id='word_1_220' title='bbox 1435 1839 1610 1875; x_wconf 67' lang='lat' dir='ltr'>erestum</span> <span class='ocrx_word' id='word_1_221' title='bbox 1638 1838 1825 1890; x_wconf 70' lang='lat' dir='ltr'>Siliquam</span> <span class='ocrx_word' id='word_1_222' title='bbox 1843 1836 2005 1890; x_wconf 74' lang='lat' dir='ltr'>Rapha-</span> 
     </span>
     <span class='ocr_line' id='line_1_28' title="bbox 672 1890 2003 1937; baseline 0.001 -6"><span class='ocrx_word' id='word_1_223' title='bbox 672 1893 776 1932; x_wconf 87' lang='lat' dir='ltr'>nistri</span> <span class='ocrx_word' id='word_1_224' title='bbox 807 1892 972 1931; x_wconf 87' lang='lat' dir='ltr'>referens</span> <span class='ocrx_word' id='word_1_225' title='bbox 990 1923 999 1937; x_wconf 93' lang='lat'><strong><em>,</em></strong></span> <span class='ocrx_word' id='word_1_226' title='bbox 1028 1891 1090 1932; x_wconf 87' lang='lat' dir='ltr'>seu</span> <span class='ocrx_word' id='word_1_227' title='bbox 1112 1891 1353 1931; x_wconf 75' lang='lat' dir='ltr'>Orthoceras</span> <span class='ocrx_word' id='word_1_228' title='bbox 1392 1890 1567 1929; x_wconf 80' lang='lat' dir='ltr'>striatum</span> <span class='ocrx_word' id='word_1_229' title='bbox 1598 1894 1637 1929; x_wconf 87' lang='lat' dir='ltr'>in</span> <span class='ocrx_word' id='word_1_230' title='bbox 1678 1891 1778 1929; x_wconf 79' lang='lat' dir='ltr'>statu</span> <span class='ocrx_word' id='word_1_231' title='bbox 1810 1893 1978 1932; x_wconf 78' lang='lat' dir='ltr'>naturali</span> <span class='ocrx_word' id='word_1_232' title='bbox 1995 1924 2003 1932; x_wconf 89' lang='lat'><em>.</em></span> 
     </span>
     <span class='ocr_line' id='line_1_29' title="bbox 678 1949 1301 1988; baseline -0.006 -1"><span class='ocrx_word' id='word_1_233' title='bbox 678 1951 715 1987; x_wconf 84' lang='lat' dir='ltr'>E.</span> <span class='ocrx_word' id='word_1_234' title='bbox 737 1949 771 1987; x_wconf 80' lang='lat' dir='ltr'>F.</span> <span class='ocrx_word' id='word_1_235' title='bbox 791 1949 839 1986; x_wconf 84' lang='lat' dir='ltr'>G.</span> <span class='ocrx_word' id='word_1_236' title='bbox 871 1949 981 1987; x_wconf 87' lang='lat' dir='ltr'>Idem</span> <span class='ocrx_word' id='word_1_237' title='bbox 995 1949 1101 1988; x_wconf 85' lang='lat' dir='ltr'>vitro</span> <span class='ocrx_word' id='word_1_238' title='bbox 1118 1950 1275 1987; x_wconf 57' lang='lat' dir='ltr'>:mustum</span> <span class='ocrx_word' id='word_1_239' title='bbox 1294 1975 1301 1982; x_wconf 92' lang='lat'><strong>.</strong></span> 
     </span>
    </p>

    <p class='ocr_par' dir='ltr' id='par_1_14' title="bbox 558 2002 2003 2172">
     <span class='ocr_line' id='line_1_30' title="bbox 558 2002 2000 2064; baseline -0.003 -18"><span class='ocrx_word' id='word_1_240' title='bbox 558 2011 625 2064; x_wconf 73' lang='lat' dir='ltr'>Fig</span> <span class='ocrx_word' id='word_1_241' title='bbox 658 2007 746 2046; x_wconf 83' lang='lat' dir='ltr'>VII·</span> <span class='ocrx_word' id='word_1_242' title='bbox 765 2007 812 2045; x_wconf 92' lang='lat' dir='ltr'>G.</span> <span class='ocrx_word' id='word_1_243' title='bbox 843 2004 895 2045; x_wconf 85' lang='lat' dir='ltr'>est</span> <span class='ocrx_word' id='word_1_244' title='bbox 911 2007 1049 2045; x_wconf 87' lang='lat' dir='ltr'>Cornu</span> <span class='ocrx_word' id='word_1_245' title='bbox 1066 2003 1297 2044; x_wconf 83' lang='lat' dir='ltr'>Hammonis</span> <span class='ocrx_word' id='word_1_246' title='bbox 1314 2004 1487 2042; x_wconf 69' lang='lat' dir='ltr'>erezstum</span> <span class='ocrx_word' id='word_1_247' title='bbox 1504 2031 1513 2045; x_wconf 91' lang='lat'>‚</span> <span class='ocrx_word' id='word_1_248' title='bbox 1532 2002 1752 2057; x_wconf 79' lang='lat' dir='ltr'>depressum</span> <span class='ocrx_word' id='word_1_249' title='bbox 1774 2035 1782 2048; x_wconf 87' lang='lat'><em>,</em></span> <span class='ocrx_word' id='word_1_250' title='bbox 1814 2002 2000 2050; x_wconf 79' lang='lat' dir='ltr'>striatum‚</span> 
     </span>
     <span class='ocr_line' id='line_1_31' title="bbox 669 2058 2003 2117; baseline -0.002 -13"><span class='ocrx_word' id='word_1_251' title='bbox 669 2062 890 2117; x_wconf 77' lang='lat' dir='ltr'>vaginulam</span> <span class='ocrx_word' id='word_1_252' title='bbox 910 2062 1030 2115; x_wconf 84' lang='lat' dir='ltr'>gladii</span> <span class='ocrx_word' id='word_1_253' title='bbox 1057 2060 1221 2101; x_wconf 71' lang='lat' dir='ltr'>referens</span> <span class='ocrx_word' id='word_1_254' title='bbox 1239 2088 1248 2102; x_wconf 91' lang='lat'>,</span> <span class='ocrx_word' id='word_1_255' title='bbox 1281 2058 1341 2100; x_wconf 86' lang='lat' dir='ltr'>seu</span> <span class='ocrx_word' id='word_1_256' title='bbox 1357 2059 1596 2100; x_wconf 79' lang='lat' dir='ltr'>Orthoceras</span> <span class='ocrx_word' id='word_1_257' title='bbox 1614 2061 1691 2099; x_wconf 74' lang='lat' dir='ltr'>&amp;c</span> <span class='ocrx_word' id='word_1_258' title='bbox 1717 2062 1757 2099; x_wconf 87' lang='lat' dir='ltr'>in</span> <span class='ocrx_word' id='word_1_259' title='bbox 1775 2059 1874 2100; x_wconf 83' lang='lat' dir='ltr'>statu</span> <span class='ocrx_word' id='word_1_260' title='bbox 1893 2072 2003 2101; x_wconf 76' lang='lat' dir='ltr'>natu-</span> 
     </span>
     <span class='ocr_line' id='line_1_32' title="bbox 669 2117 1740 2172; baseline -0.005 -13"><span class='ocrx_word' id='word_1_261' title='bbox 669 2120 738 2159; x_wconf 79' lang='lat' dir='ltr'>rali</span> <span class='ocrx_word' id='word_1_262' title='bbox 758 2146 766 2154; x_wconf 86' lang='lat'><strong>·</strong></span> <span class='ocrx_word' id='word_1_263' title='bbox 798 2121 847 2159; x_wconf 16' lang='lat' dir='ltr'>HV</span> <span class='ocrx_word' id='word_1_264' title='bbox 875 2121 917 2158; x_wconf 70' lang='grc' dir='ltr'>ὃ(</span> <span class='ocrx_word' id='word_1_265' title='bbox 936 2119 962 2156; x_wconf 91' lang='grc' dir='ltr'>Ι.</span> <span class='ocrx_word' id='word_1_266' title='bbox 991 2118 1101 2158; x_wconf 84' lang='lat' dir='ltr'>Idem</span> <span class='ocrx_word' id='word_1_267' title='bbox 1119 2128 1285 2172; x_wconf 81' lang='lat' dir='ltr'>utraque</span> <span class='ocrx_word' id='word_1_268' title='bbox 1303 2128 1414 2172; x_wconf 84' lang='lat' dir='ltr'>parte</span> <span class='ocrx_word' id='word_1_269' title='bbox 1433 2118 1538 2157; x_wconf 83' lang='lat' dir='ltr'>vitro</span> <span class='ocrx_word' id='word_1_270' title='bbox 1555 2117 1713 2156; x_wconf 67' lang='lat' dir='ltr'>audhm</span> <span class='ocrx_word' id='word_1_271' title='bbox 1733 2145 1740 2152; x_wconf 95' lang='lat'>.</span> 
     </span>
    </p>

    <p class='ocr_par' dir='ltr' id='par_1_15' title="bbox 552 2174 1998 2283">
     <span class='ocr_line' id='line_1_33' title="bbox 552 2174 1996 2233; baseline 0 -19"><span class='ocrx_word' id='word_1_272' title='bbox 552 2180 631 2233; x_wconf 79' lang='lat' dir='ltr'>Fig.</span> <span class='ocrx_word' id='word_1_273' title='bbox 649 2177 755 2214; x_wconf 80' lang='lat' dir='ltr'>VIII.</span> <span class='ocrx_word' id='word_1_274' title='bbox 781 2177 822 2214; x_wconf 74' lang='lat' dir='ltr'>L·</span> <span class='ocrx_word' id='word_1_275' title='bbox 851 2174 904 2214; x_wconf 89' lang='lat' dir='ltr'>est</span> <span class='ocrx_word' id='word_1_276' title='bbox 927 2174 1170 2215; x_wconf 84' lang='lat' dir='ltr'>Vermiculus</span> <span class='ocrx_word' id='word_1_277' title='bbox 1203 2176 1308 2213; x_wconf 56' lang='lat' dir='ltr'>Saxis</span> <span class='ocrx_word' id='word_1_278' title='bbox 1326 2202 1334 2215; x_wconf 94' lang='lat'><strong>,</strong></span> <span class='ocrx_word' id='word_1_279' title='bbox 1381 2175 1423 2214; x_wconf 87' lang='lat'>&amp;</span> <span class='ocrx_word' id='word_1_280' title='bbox 1452 2174 1582 2227; x_wconf 83' lang='lat' dir='ltr'>Lignis</span> <span class='ocrx_word' id='word_1_281' title='bbox 1616 2174 1826 2213; x_wconf 56' lang='lat' dir='ltr'>adhaerens</span> <span class='ocrx_word' id='word_1_282' title='bbox 1858 2176 1996 2214; x_wconf 80' lang='lat' dir='ltr'>Cornu</span> 
     </span>
     <span class='ocr_line' id='line_1_34' title="bbox 665 2230 1998 2283; baseline -0.002 -10"><span class='ocrx_word' id='word_1_283' title='bbox 665 2234 893 2273; x_wconf 72' lang='lat' dir='ltr'>Hammonis</span> <span class='ocrx_word' id='word_1_284' title='bbox 910 2230 1094 2272; x_wconf 82' lang='lat' dir='ltr'>referens.</span> <span class='ocrx_word' id='word_1_285' title='bbox 1115 2232 1215 2270; x_wconf 79' lang='lat' dir='ltr'>M&amp;</span> <span class='ocrx_word' id='word_1_286' title='bbox 1229 2232 1265 2270; x_wconf 89' lang='lat' dir='ltr'>N</span> <span class='ocrx_word' id='word_1_287' title='bbox 1291 2230 1402 2270; x_wconf 76' lang='lat' dir='ltr'>Idem</span> <span class='ocrx_word' id='word_1_288' title='bbox 1416 2241 1581 2282; x_wconf 86' lang='lat' dir='ltr'>utraque</span> <span class='ocrx_word' id='word_1_289' title='bbox 1599 2241 1708 2283; x_wconf 71' lang='lat' dir='ltr'>parte</span> <span class='ocrx_word' id='word_1_290' title='bbox 1727 2232 1832 2270; x_wconf 83' lang='lat' dir='ltr'>vitro</span> <span class='ocrx_word' id='word_1_291' title='bbox 1852 2232 1998 2270; x_wconf 65' lang='lat' dir='ltr'>nuestus-</span> 
     </span>
    </p>

    <p class='ocr_par' dir='ltr' id='par_1_16' title="bbox 556 2284 2001 2400">
     <span class='ocr_line' id='line_1_35' title="bbox 556 2284 2001 2345; baseline -0.004 -13"><span class='ocrx_word' id='word_1_292' title='bbox 556 2293 633 2345; x_wconf 82' lang='lat' dir='ltr'>Fig.</span> <span class='ocrx_word' id='word_1_293' title='bbox 653 2291 697 2329; x_wconf 88' lang='lat' dir='ltr'>X.</span> <span class='ocrx_word' id='word_1_294' title='bbox 715 2291 763 2328; x_wconf 89' lang='lat' dir='ltr'>O.</span> <span class='ocrx_word' id='word_1_295' title='bbox 790 2288 841 2329; x_wconf 86' lang='lat' dir='ltr'>est</span> <span class='ocrx_word' id='word_1_296' title='bbox 855 2291 990 2328; x_wconf 65' lang='lat' dir='ltr'>Cornu</span> <span class='ocrx_word' id='word_1_297' title='bbox 1013 2287 1244 2328; x_wconf 77' lang='lat' dir='ltr'>Hammonis</span> <span class='ocrx_word' id='word_1_298' title='bbox 1262 2289 1425 2328; x_wconf 72' lang='lat' dir='ltr'>Littoiis</span> <span class='ocrx_word' id='word_1_299' title='bbox 1443 2284 1680 2327; x_wconf 72' lang='lat' dir='ltr'>Libui-nensis</span> <span class='ocrx_word' id='word_1_300' title='bbox 1695 2286 1743 2325; x_wconf 74' lang='lat' dir='ltr'>ad</span> <span class='ocrx_word' id='word_1_301' title='bbox 1762 2287 1921 2326; x_wconf 86' lang='lat' dir='ltr'>Lituum</span> <span class='ocrx_word' id='word_1_302' title='bbox 1938 2301 2001 2326; x_wconf 88' lang='lat' dir='ltr'>ac-</span> 
     </span>
     <span class='ocr_line' id='line_1_36' title="bbox 668 2340 2000 2400; baseline -0.005 -14"><span class='ocrx_word' id='word_1_303' title='bbox 668 2345 807 2386; x_wconf 84' lang='lat' dir='ltr'>cedens</span> <span class='ocrx_word' id='word_1_304' title='bbox 829 2347 934 2386; x_wconf 81' lang='lat' dir='ltr'>vitro</span> <span class='ocrx_word' id='word_1_305' title='bbox 952 2347 1110 2384; x_wconf 46' lang='lat' dir='ltr'>audium</span> <span class='ocrx_word' id='word_1_306' title='bbox 1130 2347 1168 2384; x_wconf 88' lang='lat' dir='ltr'>in</span> <span class='ocrx_word' id='word_1_307' title='bbox 1184 2345 1423 2400; x_wconf 85' lang='lat' dir='ltr'>Appendice</span> <span class='ocrx_word' id='word_1_308' title='bbox 1440 2342 1607 2383; x_wconf 85' lang='lat' dir='ltr'>secunda</span> <span class='ocrx_word' id='word_1_309' title='bbox 1629 2340 1861 2398; x_wconf 80' lang='lat' dir='ltr'>descriptum</span> <span class='ocrx_word' id='word_1_310' title='bbox 1881 2355 2000 2396; x_wconf 79' lang='lat' dir='ltr'>cap.1.</span> 
     </span>
    </p>

    <p class='ocr_par' dir='ltr' id='par_1_17' title="bbox 556 2397 2004 2569">
     <span class='ocr_line' id='line_1_37' title="bbox 556 2397 2000 2459; baseline -0.006 -15"><span class='ocrx_word' id='word_1_311' title='bbox 556 2407 634 2459; x_wconf 86' lang='lat' dir='ltr'>Fig.</span> <span class='ocrx_word' id='word_1_312' title='bbox 653 2404 692 2442; x_wconf 90' lang='lat' dir='ltr'>P.</span> <span class='ocrx_word' id='word_1_313' title='bbox 707 2400 759 2441; x_wconf 89' lang='lat' dir='ltr'>est</span> <span class='ocrx_word' id='word_1_314' title='bbox 776 2402 881 2441; x_wconf 85' lang='lat' dir='ltr'>aliud</span> <span class='ocrx_word' id='word_1_315' title='bbox 903 2405 1038 2442; x_wconf 82' lang='lat' dir='ltr'>Cornu</span> <span class='ocrx_word' id='word_1_316' title='bbox 1070 2403 1302 2442; x_wconf 77' lang='lat' dir='ltr'>Hammonis</span> <span class='ocrx_word' id='word_1_317' title='bbox 1327 2401 1490 2440; x_wconf 87' lang='lat' dir='ltr'>Littoris</span> <span class='ocrx_word' id='word_1_318' title='bbox 1515 2397 1757 2439; x_wconf 81' lang='lat' dir='ltr'>Liburnenfis</span> <span class='ocrx_word' id='word_1_319' title='bbox 1774 2399 1822 2439; x_wconf 83' lang='lat' dir='ltr'>ad</span> <span class='ocrx_word' id='word_1_320' title='bbox 1840 2400 2000 2440; x_wconf 73' lang='lat' dir='ltr'>Lituum</span> 
     </span>
     <span class='ocr_line' id='line_1_38' title="bbox 666 2455 2000 2508; baseline -0.003 -9"><span class='ocrx_word' id='word_1_321' title='bbox 666 2458 853 2499; x_wconf 74' lang='lat' dir='ltr'>accedens</span> <span class='ocrx_word' id='word_1_322' title='bbox 882 2458 1071 2498; x_wconf 85' lang='lat' dir='ltr'>umbilico</span> <span class='ocrx_word' id='word_1_323' title='bbox 1096 2472 1300 2504; x_wconf 87' lang='lat' dir='ltr'>concavo,</span> <span class='ocrx_word' id='word_1_324' title='bbox 1336 2459 1379 2498; x_wconf 83' lang='lat'>&amp;</span> <span class='ocrx_word' id='word_1_325' title='bbox 1398 2458 1502 2497; x_wconf 86' lang='lat' dir='ltr'>vitro</span> <span class='ocrx_word' id='word_1_326' title='bbox 1532 2458 1626 2497; x_wconf 88' lang='lat' dir='ltr'>item</span> <span class='ocrx_word' id='word_1_327' title='bbox 1658 2458 1818 2497; x_wconf 65' lang='lat' dir='ltr'>auctum</span> <span class='ocrx_word' id='word_1_328' title='bbox 1840 2469 1925 2508; x_wconf 77' lang='lat' dir='ltr'>cap.</span> <span class='ocrx_word' id='word_1_329' title='bbox 1948 2455 2000 2493; x_wconf 66' lang='grc' dir='ltr'>ΙΙ·</span> 
     </span>
     <span class='ocr_line' id='line_1_39' title="bbox 677 2510 2004 2569; baseline -0.005 -13"><span class='ocrx_word' id='word_1_330' title='bbox 677 2518 716 2556; x_wconf 77' lang='lat' dir='ltr'>in</span> <span class='ocrx_word' id='word_1_331' title='bbox 730 2517 765 2555; x_wconf 89' lang='lat' dir='ltr'>A</span> <span class='ocrx_word' id='word_1_332' title='bbox 772 2515 967 2569; x_wconf 87' lang='lat' dir='ltr'>ppendice</span> <span class='ocrx_word' id='word_1_333' title='bbox 983 2512 1219 2568; x_wconf 84' lang='lat' dir='ltr'>descriptum</span> <span class='ocrx_word' id='word_1_334' title='bbox 1235 2545 1243 2554; x_wconf 92' lang='lat'>.</span> <span class='ocrx_word' id='word_1_335' title='bbox 1875 2510 2004 2550; x_wconf 70' lang='lat' dir='ltr'>TABV-</span> 
     </span>
    </p>
   </div>
   <div class='ocr_carea' id='block_1_6' title="bbox 2108 2074 2123 2378">
    <p class='ocr_par' dir='ltr' id='par_1_18' title="bbox 2108 2074 2123 2378">
     <span class='ocr_line' id='line_1_40' title="bbox 2108 2074 2123 2378; baseline 0 -283"><span class='ocrx_word' id='word_1_336' title='bbox 2108 2074 2123 2378; x_wconf 49' lang='grc' dir='ltr'>Ξ</span> 
     </span>
    </p>
   </div>
  </div>
 </body>
</html>
