2180 2905
690 235 1207 286 PRAEFATIO
1647 249 1663 284 s

236 344 322 372 rum
337 327 523 369 Conchae
536 324 540 327 ’
553 325 661 366 testes
680 324 765 365 sunt
782 354 792 369 ‚
804 335 848 363 ut
870 325 1036 364 diximus
1050 350 1061 365 ,
1079 336 1244 377 magnae
1261 321 1361 361 iilius
1377 320 1418 359 &
1436 320 1586 361 ..livinae
1604 334 1668 362 ex-

239 384 493 427 undationis3
521 383 583 423 vel
599 381 624 422 fi
642 382 680 422 id
696 395 775 420 non
799 380 995 434 praestant
1011 409 1021 424 ‚
1052 389 1096 418 ut
1124 381 1250 419 minus
1280 388 1372 432 apte
1401 376 1556 417 fortaffe
1574 391 1668 417 con-

238 441 406 482 tendunt
435 439 640 484 nonnulli,
670 438 894 493 probabunt
923 448 1054 476 tamen
1084 449 1164 477 non
1195 432 1357 475 obscure
1381 435 1569 473 maximas
1585 433 1669 474 illas

238 498 459 537 Platonicas
477 496 583 536 orbis
615 505 807 535 terrarum
839 492 1104 534 revolutiones
1119 489 1477 543 exundationesque
1494 520 1504 534 ,
1529 491 1574 529 ὅ(
1591 504 1670 530 ma-

239 566 338 607 gnae
353 550 551 592 vetustatis
569 549 681 605 ipfius
698 550 837 590 Mundi
868 560 982 590 erunt
1013 562 1092 587 non
1123 546 1289 588 obscura
1304 546 1526 586 testimonia
1543 576 1554 590 ‚
1583 560 1669 599 quae

238 623 297 648 res
313 624 391 648 non
409 607 658 648 mediocriter
688 606 829 658 fatigat
858 605 1125 658 chronologos
1148 635 1155 642 .
1178 603 1310 644 Tanta
1341 600 1496 655 insuper
1531 602 1584 642 est
1602 603 1670 642 ha-

241 679 328 704 rum
359 678 489 703 rerum
516 664 708 718 elegantia
738 663 780 702 ὃς
811 661 893 701 usus
912 691 921 706 ,
952 671 996 699 ut
1010 660 1163 714 aliquae
1192 673 1324 699 earum
1358 660 1544 714 pecuniae
1572 659 1670 698 loco

241 719 345 773 apud
362 718 546 773 quasdam
561 719 744 760 *barbaras
775 719 924 773 g-enteis
957 716 1199 756 habeantur.
1231 716 1389 755 Addam
1414 714 1671 769 denique‚ad
1697 738 1709 776 3

239 777 342 815 vitae
358 774 466 815 usum
486 804 496 817 ‚
527 778 569 815 &
587 775 747 815 humani
779 776 924 829 generi-s
955 775 1285 826 propagationem
1318 770 1488 812 multum
1504 770 1669 826 praesta-

240 845 279 870 re
297 834 459 870 marinas
475 831 657 871 Conchas
675 858 685 873 ‚
716 842 758 870 ut
788 831 894 870 tabes
925 829 1067 881 aliique
1104 831 1298 882 graviores
1331 829 1459 867 morbi
1494 827 1555 868 esu
1586 842 1669 868 car-a
1689 841 1717 882 ))

239 887 349 924 nium
379 885 535 925 istarum
566 884 770 929 sanentur3
799 882 1103 937 scrutatoresque
1116 895 1276 924 naturae
1294 883 1552 924 observarunt
1568 913 1577 928 ‚
1595 898 1667 936 po-

238 940 352 993 pulos
371 941 513 979 littoris
530 943 644 980 maris
660 941 804 980 incolas
835 954 928 993 prae
956 940 1245 984 mediterraneis
1279 939 1551 979 foecundiores
1566 938 1637 978 effi}
1656 953 1668 982 ς
1693 956 1716 992 ι]

238 994 409 1036 obesum
443 997 545 1035 enim
578 996 819 1048 frequentem
849 994 1008 1048 piscium
1026 1022 1035 1035 ‚
1069 994 1383 1047 Conchyliorum
1411 994 1666 1048 praesertim,

237 1064 408 1103 quorum
425 1052 601 1090 carnium
621 1049 741 1091 fibrae
759 1051 954 1092 breviores
985 1051 1027 1090 ὃς
1044 1050 1093 1089 ad
1111 1049 1365 1104 digestionem
1382 1053 1565 1103 aptiores,
1586 1064 1666 1088 ma·
1690 1070 1710 1101 ,1
1737 1102 1740 1104 .

237 1108 293 1158 gis
311 1107 466 1145 aluntur
483 1106 657 1145 homines
671 1137 680 1151 ‚
710 1118 827 1160 atque
846 1107 933 1145 inde
951 1106 998 1144 ad
1016 1107 1174 1145 Veneris
1206 1120 1264 1146 res
1294 1107 1458 1145 validius
1490 1107 1666 1145 excitan-

238 1173 303 1203 tur
318 1190 327 1203 ‚
361 1163 402 1200 &
421 1177 541 1215 genus
559 1161 665 1201 suum
685 1177 757 1216 pro
790 1173 907 1214 agant
924 1190 933 1205 ‚
962 1163 1187 1215 marinaque
1202 1163 1331 1200 Venus
1348 1175 1397 1200 ex
1418 1161 1475 1200 his
1494 1174 1574 1199 non
1593 1162 1666 1199 im·
1685 1160 1795 1217 fbf&
1930 1162 1989 1190 ’ἐπ”

238 1219 380 1256 merito
397 1233 418 1256 a
436 1219 559 1271 poetis
588 1218 779 1257 dicatur&
795 1208 929 1269 Qiare
953 1231 1074 1270 quum
1108 1218 1278 1255 marinae
1301 1216 1491 1256 Conchae
1519 1229 1666 1256 cetera-

237 1287 312 1327 que
330 1272 368 1311 id
401 1286 517 1324 genus
550 1274 764 1312 animantia
796 1302 806 1317 ,
838 1283 990 1311 tantum
1022 1271 1213 1324 elegantia
1241 1273 1428 1311 varietate
1461 1273 1504 1311 &
1534 1287 1667 1312 nume-

236 1343 283 1368 ro
300 1328 494 1368 excellant
512 1356 521 1370 ,
551 1338 667 1381 atque
697 1342 817 1383 quum
848 1339 910 1367 tot
942 1326 1025 1368 usus
1043 1328 1195 1366 abunde
1213 1326 1406 1380 praestent
1421 1357 1429 1371 ,
1458 1328 1505 1368 de
1521 1328 1578 1368 his
1595 1330 1664 1382 igi-

235 1395 300 1424 tur
317 1386 421 1439 prius
440 1385 549 1424 nobis
567 1385 772 1425 dicendum
792 1415 800 1428 ‚
817 1382 1043 1438 praesertim
1060 1399 1179 1439 quum
1196 1383 1283 1424 heic
1299 1383 1469 1439 plurima
1488 1386 1663 1426 nondum

237 1452 352 1480 antea
370 1452 463 1480 nota
482 1468 491 1482 ,
522 1454 643 1493 eaque
660 1441 924 1495 pulcherrima
940 1438 1205 1482 describantur
1224 1468 1231 1477 ·

291 1496 362 1536 Sed
380 1506 589 1550 antequam
608 1497 654 1537 de
671 1497 728 1536 his
744 1497 836 1537 dico
852 1527 862 1542 ‚
879 1499 980 1539 ratio
997 1496 1168 1553 postulat
1183 1528 1192 1542 ‚
1209 1508 1253 1539 ut
1270 1498 1402 1552 paucis
1419 1497 1511 1551 quid
1531 1497 1665 1538 dicen-

235 1551 331 1592 dum
347 1550 392 1592 fit
408 1565 607 1606 exponam
626 1582 635 1596 ‚
667 1555 709 1592 &
737 1567 817 1609 quo
847 1554 1010 1594 ordine.
1043 1554 1250 1597 Sciendum
1270 1553 1402 1608 ‘igitur
1431 1552 1663 1606 opusculum

235 1607 312 1647 hoc
342 1609 445 1661 quod
478 1610 524 1649 de
551 1610 723 1649 Conchis
752 1612 875 1650 minus
892 1612 992 1650 notis
1009 1608 1265 1665 inscripsimus
1283 1640 1293 1654 ,
1324 1610 1430 1664 quod
1448 1609 1635 1651 Conchae
1653 1639 1664 1653 ‚

233 1662 295 1704 seu
308 1663 441 1704 Testae
456 1665 682 1718 praesertim
700 1669 861 1718 majores
879 1680 1043 1706 numero
1073 1676 1325 1720 exponantur
1342 1692 1351 1707 ‚
1385 1667 1423 1704 in
1441 1667 1586 1718 parteis
1605 1666 1661 1705 di-

235 1721 320 1759 vidi
337 1722 427 1759 treis
447 1747 454 1755 ·
483 1722 529 1759 In
547 1723 675 1772 prima
691 1721 737 1758 de
763 1721 934 1761 Conchis
961 1735 1118 1773 agemus
1135 1747 1144 1762 ‚
1162 1735 1261 1772 quae
1277 1734 1411 1760 revera
1427 1720 1487 1760 vel
1505 1723 1662 1774 ignotae

237 1774 365 1813 adhuc
382 1774 606 1814 exstiterunt
621 1802 631 1816 ‚
661 1774 721 1814 vel
740 1776 864 1814 minus
888 1785 1005 1814 notae
1021 1773 1105 1814 sunt
1122 1805 1132 1819 ,
1161 1776 1203 1814 &
1234 1777 1273 1814 in
1304 1775 1411 1815 libris
1430 1774 1564 1829 paffim
1582 1791 1661 1817 non

236 1831 509 1881 reperiuntur,
541 1829 717 1868 Secunda
741 1843 829 1882 pars
857 1831 933 1869 erit
964 1831 1152 1869 tractatio
1180 1832 1339 1870 brevior
1356 1830 1404 1870 de
1420 1831 1633 1872 Crustaceis
1651 1860 1661 1875 ‚

236 1894 281 1923 ut
303 1894 452 1924 vocant
468 1898 479 1928 ;
506 1884 555 1924 de
582 1885 746 1924 Cancris
778 1882 924 1925 scilicet
952 1883 1182 1938 quibusdam
1199 1913 1209 1928 ‚
1239 1886 1287 1925 de
1318 1884 1444 1924 stellis
1475 1889 1633 1928 marinis
1650 1918 1660 1933 ‚

236 1954 335 1994 quae
349 1940 486 1981 eodem
502 1940 623 1980 modo
651 1940 713 1981 vel
739 1941 875 1994 ignota
901 1939 988 1981 sunt
1003 1969 1014 1983 ,
1040 1941 1102 1981 vel
1135 1955 1212 1982 non
1229 1939 1313 1980 satis
1329 1942 1427 1982 bene
1441 1941 1636 1997 descripta
1654 1978 1661 1985 .

238 1997 301 2036 Ac
325 1995 489 2051 denique
504 1998 624 2037 tertio
641 1996 733 2036 loco
750 2010 908 2050 agemus
925 1996 1140 2038 breviffime
1156 1997 1203 2037 de
1217 1996 1447 2051 quibusdam
1465 2000 1659 2053 Corpori-

239 2053 308 2092 bus
325 2054 480 2092 marinis
497 2081 507 2096 ‚
524 2052 626 2092 duris
651 2052 808 2105 quidem
838 2054 881 2092 δε
896 2051 1061 2095 carnosis
1076 2081 1087 2096 ‚
1119 2052 1182 2094 sed
1197 2068 1294 2107 quae
1311 2054 1359 2093 ad
1376 2053 1560 2095 Testacea
1578 2084 1588 2098 ,
1620 2058 1662 2096 &

239 2106 447 2151 Crustacea
460 2139 471 2154 ‚
501 2107 561 2148 seu
578 2109 625 2148 ad
642 2108 984 2150 Ostracodermata
1002 2139 1011 2153 ‚
1040 2120 1084 2149 ut
1113 2110 1257 2150 Graeci
1274 2113 1383 2162 ajunt
1400 2141 1409 2154 ,
1433 2109 1567 2151 referri
1581 2127 1662 2152 non

240 2162 415 2216 possunt,
444 2163 645 2219 minusque
662 2174 754 2218 apte
770 2166 809 2204 in
824 2164 930 2206 libris
944 2166 1138 2220 descripta
1170 2165 1257 2206 sunt
1276 2195 1282 2202 .
1317 2166 1397 2206 Res
1413 2180 1545 2207 omnes
1562 2182 1659 2222 quae

240 2219 327 2258 heic
341 2233 594 2274 exponuntur
611 2221 758 2261 littoris
789 2222 832 2261 δε
846 2225 961 2263 maris
977 2224 1147 2265 Arimini
1165 2223 1376 2278 peculiares
1394 2220 1481 2263 sunt
1496 2239 1505 2267 ;
1522 2226 1660 2278 quibus

237 2275 465 2330 plerumque
481 2275 619 2329 figuras
651 2291 736 2316 aere
767 2277 898 2319 incisas
927 2280 1147 2320 addidimus
1163 2309 1171 2318 .
1203 2280 1335 2321 Primo
1351 2278 1445 2318 loco
1462 2280 1583 2334 igitur
1597 2295 1662 2322 ex-

238 2345 428 2389 ponemus
446 2331 593 2386 semper
611 2363 619 2377 ,
648 2334 833 2387 quicquid
851 2349 938 2375 aere
951 2334 1133 2376 excusum
1149 2334 1200 2375 est
1217 2351 1226 2380 ;
1250 2335 1389 2377 deinde
1406 2335 1588 2377 addemus
1606 2339 1660 2377 in-

239 2386 394 2430 terdum
423 2389 648 2445 appendicis
677 2389 770 2430 loco
797 2391 959 2447 aliquod
989 2392 1050 2434 vel
1076 2394 1269 2434 marinum
1286 2420 1296 2435 ,
1327 2390 1388 2432 vel
1419 2389 1538 2432 foffile
1553 2394 1659 2446 quod

1512 2462 1658 2502 conge-
