2145 2910
545 214 589 253 M
620 213 639 252 1
668 213 707 251 N
737 213 774 251 v
803 213 824 252 s
884 210 924 249 N
953 211 991 250 o
1021 209 1055 250 T
1086 212 1102 250 1
1133 211 1154 249 s
1511 225 1560 258 41

161 298 712 333 QQQQQQ
721 294 1546 332 QQQQQQQOERQQ

151 367 638 459 PARS
779 363 1561 458 TERTIA

385 498 1315 564 CAPVTPRIMVM

177 600 387 640 vauca
434 615 625 642 sotvrA
658 615 957 642 MARsvva
1003 612 1276 641 anfunsus,
1317 610 1367 637 nr
1399 610 1561 640 Morvs

204 668 446 697 ymanus
492 672 935 700 MANIFESTISSIME
973 668 1129 701 EDENs
1175 668 1334 697 MARIS
1366 655 1562 695 Amm-

204 724 406 754 nrnsrs.

146 802 176 839 I·
203 800 555 887 ACorporibus
581 807 739 847 marinis
771 806 897 844 minus
924 806 1023 843 notis
1041 804 1197 857 quidem
1214 832 1224 847 ,
1255 801 1318 842 sed
1353 801 1457 841 duris
1472 816 1563 856 pro-

326 869 412 911 pter
439 860 550 901 testas
582 863 625 900 ὃς
654 859 795 903 crustas
820 887 831 902 ,
871 860 1009 912 quibus
1039 861 1267 899 muniuntur
1286 886 1296 900 ,
1327 858 1375 897 ad
1404 871 1448 896 ea
1479 871 1566 896 cor-

143 925 240 964 pora
264 916 413 953 marina
442 917 568 956 minus
599 925 694 955 nota
729 915 944 956 sermonem
974 913 1146 956 nostrum
1179 914 1337 954 tandem
1369 913 1568 953 converti-

146 981 229 1008 mus
253 999 263 1013 ,
293 982 391 1022 quae
422 971 607 1011 molliora
622 973 701 1011 dici
718 970 870 1025 possunt
902 1000 912 1015 ,
942 980 1150 1025 propterea
1180 970 1286 1025 quod
1320 969 1381 1011 vel
1409 966 1565 1009 mucosa

145 1021 240 1067 fint,
273 1023 334 1065 vel
359 1024 518 1066 carnosa
548 1057 559 1071 ,
590 1036 658 1066 aut
686 1026 964 1080 cartilaginea,
993 1024 1055 1066 sed
1082 1026 1183 1066 nuda
1212 1027 1375 1066 omnino
1405 1055 1414 1068 ‚
1452 1024 1564 1063 omni

146 1077 294 1120 scilicet
318 1079 484 1121 testaceo
512 1081 784 1136 crustaceoque
802 1092 1028 1135 tegumento
1056 1083 1195 1125 orbata
1214 1111 1220 1117 -
1240 1083 1372 1122 Primo
1390 1081 1480 1120 loco
1497 1094 1563 1119 oc-

147 1137 269 1175 currit
285 1136 395 1175 nobis
409 1137 545 1178 Vrtica
560 1138 655 1178 haec
686 1153 807 1193 parva
840 1136 1074 1193 marsupium
1109 1138 1272 1177 referens
1290 1167 1299 1181 ‚
1332 1151 1409 1188 qua
1427 1134 1563 1174 aestate

145 1204 251 1230 mare
281 1190 454 1230 nostrum
472 1191 593 1233 scatet
609 1222 619 1236 ,
643 1195 687 1234 ὃ(
703 1195 847 1234 retibus
873 1208 949 1233 una
965 1208 1054 1232 curn
1086 1192 1251 1246 piscibus
1270 1207 1290 1230 a
1310 1189 1566 1245 piscatoribus

145 1247 298 1299 capitur
316 1276 326 1290 ,
354 1246 444 1286 inde
460 1257 591 1288 tamen
607 1260 770 1303 propter
787 1257 963 1289 urentem
993 1249 1035 1286 ὃς
1063 1258 1298 1287 venenatam
1333 1245 1563 1286 facultatem

142 1302 355 1354 rejicienda
369 1334 377 1342 .
407 1301 519 1343 Hanc
535 1303 731 1358 depietam
763 1302 921 1343 exhibet
936 1302 1088 1342 Tabula
1106 1304 1170 1342 IV.
1199 1300 1323 1358 figura
1343 1303 1387 1341 V.
1421 1300 1487 1342 sub
1504 1302 1566 1341 lit-

145 1367 225 1397 tera
239 1357 275 1396 F.
292 1359 447 1412 Corpus
471 1358 549 1399 hoc
574 1360 622 1405 ad
640 1360 852 1399 animantia
877 1357 1119 1399 referendum
1151 1358 1204 1398 est
1232 1370 1316 1399 tum
1347 1360 1438 1412 quia
1470 1372 1564 1397 nan-

144 1414 197 1453 do
222 1428 289 1468 per
305 1429 410 1454 mare
440 1415 556 1470 longe
568 1416 726 1471 lateque
758 1427 948 1469 vagatur,
979 1426 1060 1456 tum
1078 1416 1170 1469 quia
1203 1415 1251 1454 ad
1271 1415 1380 1454 littus
1405 1412 1564 1467 apiscao

145 1471 291 1515 toribus
322 1473 507 1524 rejectum
524 1503 533 1518 ,
552 1483 594 1513 ut
610 1471 718 1528 saepe
736 1473 817 1513 vidi
834 1503 843 1517 ,
859 1482 987 1513 motus
1018 1472 1167 1514 vitaleis
1194 1468 1457 1527 palpitatione
1473 1483 1564 1523 qua-

144 1526 234 1565 dam
249 1542 316 1581 per
332 1528 461 1580 plures
477 1528 594 1571 horas
626 1526 918 1570 manifestiffime
934 1529 1040 1568 edit.
1072 1529 1188 1568 Pedes
1219 1527 1335 1566 habet
1364 1536 1533 1581 quatuor
1548 1553 1560 1568 ‚

142 1582 185 1620 &
202 1596 370 1642 corpore
398 1583 451 1624 est
465 1585 664 1640 pellucido
680 1586 722 1623 δε
739 1583 942 1638 splendido
965 1596 1010 1623 ut
1025 1583 1159 1624 oculos
1178 1583 1358 1626 hebetet,
1375 1582 1561 1635 quemad-

144 1638 305 1678 modum
322 1639 495 1693 loquitur
511 1640 769 1680 Rondeletius
786 1641 832 1678 de
849 1641 984 1691 quinta
1003 1637 1066 1677 sua
1083 1641 1224 1690 majori
1240 1638 1464 1677 Vrticarum
1483 1636 1562 1691 spe-

142 1694 227 1735 cie,
257 1709 354 1747 quae
368 1694 453 1734 heic
469 1708 624 1747 quoque
649 1694 827 1746 frequens
857 1696 1049 1746 reperitur
1066 1720 1076 1735 ‚
1107 1694 1149 1731 &
1183 1692 1392 1733 vernacula
1423 1692 1558 1745 lingua

143 1748 282 1787 eodem
299 1751 404 1803 turpi
419 1751 574 1789 nomine
590 1763 635 1791 ac
652 1748 718 1788 ista
734 1764 755 1788 a
770 1747 904 1789 nostris
921 1749 1089 1792 donatur
1106 1779 1113 1786 .
1142 1749 1249 1788 Haec
1267 1761 1388 1802 parva
1421 1749 1458 1786 in
1475 1747 1560 1787 fun-

144 1804 197 1842 do
216 1802 396 1855 marsupii
421 1831 431 1845 ‚
457 1803 788 1855 quemadmodum
815 1804 858 1840 &
889 1802 955 1840 illa
984 1817 1126 1855 magna
1170 1805 1211 1841 in
1241 1817 1411 1855 corpore
1439 1803 1560 1857 pilei,

144 1859 345 1898 materiam
367 1859 576 1910 quamdam
595 1855 857 1899 subalbidam‚
875 1858 918 1896 &
933 1858 1092 1898 minime
1110 1855 1349 1910 pellucidam
1365 1858 1556 1901 continet,

144 1927 261 1967 quam
289 1910 478 1953 viscerum
510 1915 600 1955 loco
632 1911 705 1952 istis
734 1911 973 1966 imperfectis
1001 1913 1263 1955 animantibus
1291 1912 1361 1953 effe
1389 1915 1532 1968 opinor
1549 1942 1558 1951 .

142 1966 377 2023 imperfecta
393 1983 495 2010 voco
510 1969 606 2010 haec
632 1970 846 2009 animantia
864 1996 873 2011 ‚
907 1983 986 2009 non
1003 1969 1111 2022 quod
1128 1968 1223 2008 mihi
1241 1967 1374 2023 persua
1384 1968 1463 2008 sum
1492 1969 1559 2010 ha-

142 2025 255 2064 beam
273 2052 283 2067 ‚
314 2036 358 2064 ut
375 2026 508 2079 vulgus
525 2027 875 2080 Peripateticorum
900 2024 1017 2065 hodie
1032 2025 1080 2064 de
1098 2022 1247 2065 inseetis
1279 2025 1458 2064 omnibus
1479 2037 1559 2066 tur-

145 2082 247 2133 piter
273 2082 401 2121 credit
416 2109 427 2124 ‚
453 2097 475 2121 a
491 2084 599 2136 putri
615 2082 775 2121 materia
791 2083 886 2120 oriri
904 2111 914 2125 ,
937 2083 979 2121 ὃ(
993 2092 1225 2135 comparate
1240 2081 1288 2120 ad
1305 2080 1378 2120 alia
1395 2108 1405 2123 ‚
1439 2091 1482 2119 ut
1498 2081 1556 2120 lo-

144 2147 315 2189 quuntur
340 2166 350 2181 ,
381 2137 673 2191 imperfectiora
701 2136 771 2177 effe
801 2154 808 2176 .·
836 2139 942 2177 Haec
972 2138 1076 2176 enim
1113 2136 1420 2190 imperfecftionis
1452 2137 1553 2180 idea,

148 2206 264 2244 quam
301 2192 490 2234 exhibent
508 2224 518 2239 ,
548 2209 604 2234 res
621 2192 672 2233 est
686 2192 800 2234 valde
815 2193 932 2232 dubia
949 2221 960 2236 ,
991 2208 1038 2232 ne
1056 2192 1185 2233 salsam
1218 2194 1347 2233 dicam
1369 2194 1532 2233 omnino
1549 2221 1556 2228 .

144 2247 247 2288 Nam
278 2261 549 2303 praeterquam
578 2250 684 2304 quod
708 2248 850 2290 animal
881 2249 1085 2302 quodlibet
1115 2247 1330 2302 perfeetum
1362 2249 1414 2289 est
1440 2250 1477 2288 in
1493 2248 1554 2288 sua

145 2300 269 2355 specie
285 2335 296 2349 ,
324 2305 541 2347 dummodo
556 2307 739 2346 mutilum
770 2315 836 2344 aut
852 2304 1133 2346 monstruosum
1169 2319 1247 2345 non
1264 2303 1310 2344 fit
1329 2320 1338 2348 ;
1355 2305 1551 2345 interdum

145 2372 189 2397 ea
205 2360 447 2407 animalcula,
462 2377 559 2416 quae
576 2361 804 2415 imperfec‘ta
819 2360 1005 2401 dicuntur
1022 2392 1030 2405 ,
1061 2362 1122 2402 vel
1138 2372 1303 2415 propter
1332 2360 1552 2406 oculorum,

139 2414 283 2473 pedum
299 2445 310 2461 2
341 2417 519 2459 cordium
533 2448 545 2465 ,
559 2421 601 2461 &
618 2418 782 2461 aliarum
806 2431 935 2511 tergm
949 2415 1178 2459 structuram
1210 2419 1252 2457 ὃ(
1268 2430 1471 2458 numerum
1489 2430 1550 2456 ce·
1602 2418 1607 2425 ‘

858 2502 863 2505 ,
1457 2483 1548 2513 teris
