2145 2910
463 212 1299 256 AEsTstARiriMr
1541 231 1584 268 ςς

162 302 266 341 enim
281 331 289 345 ‚
324 300 416 341 dum
435 297 615 340 crescunt
634 327 643 341 ‚
678 300 819 350 majori
843 298 1011 353 quadam
1042 300 1253 340 velocitate
1270 301 1314 340 &
1334 300 1372 340 vi
1389 299 1437 339 ad
1456 299 1590 339 littora

163 357 359 412 appellere
376 357 559 396 videntur
576 386 585 401 ‚
614 370 730 411 quam
773 356 865 396 dum
894 356 1106 401 recedunt;
1133 368 1227 397 tunc
1255 357 1376 397 etiam
1390 370 1495 396 mare
1513 355 1593 409 ple-

162 427 324 467 rumque
341 412 528 457 fluctuat,
556 423 600 453 ut
633 411 733 454 infra
765 413 962 457 dicemus;
993 413 1038 452 In
1056 410 1207 453 refluxu
1237 427 1332 453 vero
1363 426 1469 452 mare
1499 409 1594 452 sem-

164 483 233 523 per
257 470 379 523 magis
394 470 568 523 quietum
587 471 628 510 &
644 468 899 524 tranquillum
932 480 1119 524 apparet·
1145 471 1191 510 In
1220 469 1462 523 quadraturis
1479 469 1518 508 id
1536 480 1592 509 et-

163 528 240 565 iam
259 526 391 580 aliquo
409 528 530 579 pacto
557 527 753 580 contingit
771 555 780 569 ,
799 537 842 566 ut
879 528 1066 567 circuitus
1097 540 1194 566 unus
1214 525 1258 566 fit
1288 528 1412 578 major
1440 525 1566 565 altero
1582 555 1593 570 ,

164 582 227 623 sed
262 594 354 622 tunc
388 584 511 636 magis
544 584 592 623 ad
623 584 781 638 vulgare
812 582 907 622 illud
938 583 1001 623 sex
1024 583 1211 623 horarum
1236 582 1400 638 spatium
1430 582 1595 634 quilibet

162 637 290 679 fluxus
320 638 379 678 vel
413 634 578 679 refluxus
609 641 793 680 accedere
825 639 979 680 videtur
1010 666 1019 680 ‚
1050 653 1098 678 ex
1129 654 1208 693 quo
1235 638 1386 679 fortasse
1416 648 1508 678 nata
1543 636 1595 676 est

164 698 383 735 communis
403 696 467 735 illa
481 697 619 750 opinio
636 723 646 738 ‚
674 708 750 748 qua
767 696 926 750 quisque
941 694 1063 748 vulgo
1079 693 1144 735 fibi
1163 694 1366 748 persuadet
1378 723 1388 739 2
1406 708 1511 736 mare
1527 691 1596 733 fin·

167 750 267 804 gulis
286 750 350 792 sex
364 751 472 793 horis
488 751 657 792 crescere
673 779 684 794 ‚
715 754 756 792 &
773 752 926 807 singulis
943 750 1159 791 decrescere
1177 779 1185 786 .

555 868 1090 916 PROPOSITIO
1160 870 1213 911 V.

183 963 282 1013 Plus
313 961 505 1013 conferre
539 964 705 1014 videtur
724 966 777 1013 ad
796 965 993 1014 diurnum
1027 966 1155 1013 maris
1173 969 1347 1016 Aestum
1373 966 1444 1016 Sol
1462 984 1595 1033 quan-

249 1045 309 1092 do
344 1048 401 1094 est
436 1049 479 1094 in
514 1047 752 1097 Meridiano
781 1047 957 1103 nostro,
988 1064 1117 1110 quam
1153 1052 1300 1097 Luna.

593 1174 1182 1214 SCHOLIVM.

256 1259 424 1300 Atentur
440 1261 597 1314 quidem
614 1262 843 1317 Philosophi
874 1277 1008 1304 ornnes
1027 1290 1036 1305 ‚
1068 1264 1218 1303 Lunam
1236 1263 1401 1304 multum
1426 1265 1603 1305 conferre

269 1316 316 1355 ad
346 1330 534 1368 aquarum
561 1318 826 1358 elevationem
858 1348 868 1363 ,
897 1320 1057 1374 quando
1088 1317 1140 1358 est
1171 1321 1210 1359 in
1245 1322 1465 1361 Meridiano
1496 1349 1506 1364 ‚
1540 1321 1602 1362 vel

169 1386 297 1429 prope
329 1373 591 1413 Meridianum
624 1374 726 1414 illius
758 1376 862 1421 loci,
886 1378 924 1415 in
949 1391 1028 1429 quo
1059 1373 1103 1414 fit
1135 1374 1288 1421 fluxus;
1318 1378 1466 1418 Verum
1498 1380 1602 1432 apud

171 1447 239 1471 nos
269 1428 321 1467 nil
350 1429 425 1469 fere
450 1431 557 1469 Luna
586 1430 634 1470 ad
666 1432 851 1472 diurnum
881 1444 1034 1472 motum
1065 1434 1178 1472 maris
1211 1432 1389 1473 conferre
1422 1435 1603 1478 videtur;

170 1488 239 1527 Sed
270 1487 398 1540 potius
431 1485 496 1526 Sol
526 1486 711 1527 diurnum
741 1488 886 1528 aestum
919 1491 1046 1541 regit3
1079 1491 1187 1529 Luna
1219 1504 1313 1529 vero
1346 1490 1604 1530 menstruum-

171 1544 290 1595 Saepe
322 1544 430 1580 enim
466 1541 597 1582 sumtis
616 1545 784 1582 interdiu
800 1546 1109 1598 ephemeridibus
1133 1545 1344 1585 Manfredii
1362 1577 1371 1590 ‚
1403 1549 1439 1586 in
1467 1549 1605 1601 quibus

173 1596 348 1638 transitus
366 1599 497 1638 Lunae
527 1612 594 1652 per
623 1599 885 1638 Merit-imnum
917 1610 1102 1641 notatur,
1133 1602 1174 1637 ὃς
1206 1603 1324 1641 ηοέὶιι
1340 1604 1450 1642 Luna
1468 1605 1506 1642 in
1524 1602 1606 1657 ipso

174 1654 395 1694 Meridiano
427 1651 597 1706 inspecta
626 1657 797 1706 cognovi
825 1654 965 1694 statum
994 1653 1117 1706 ipsum
1148 1658 1278 1695 Lunae
1310 1658 1349 1696 in
1378 1658 1602 1699 Meridiano

174 1710 229 1749 nil
256 1706 435 1747 conferre
465 1708 514 1746 ad
545 1710 732 1759 majorem
761 1711 875 1748 maris
906 1710 1164 1749 elevationem
1182 1739 1190 1752 ‚
1215 1724 1336 1763 quum
1354 1715 1550 1753 interdum
1567 1729 1611 1754 a·

175 1778 273 1818 quac
307 1762 425 1802 effent
449 1763 675 1803 humiliores
693 1790 703 1805 ,
733 1766 831 1803 &in
851 1768 997 1815 majore
1022 1765 1326 1806 detumescentia
1345 1799 1355 1813 ,
1387 1767 1447 1809 seu
1476 1772 1512 1809 in
1531 1785 1610 1810 ma-

174 1822 249 1873 jori
279 1816 427 1863 refluxu
461 1827 638 1871 tempore
669 1831 802 1856 morae
818 1817 880 1858 seu
898 1817 1075 1859 transitus
1106 1819 1218 1873 ipfius
1236 1824 1364 1863 Lunae
1391 1839 1460 1878 per
1492 1827 1610 1866 Meri-

175 1878 331 1916 dianum
360 1872 556 1913 nostrum.
587 1873 719 1926 ere
742 1874 844 1929 apud
877 1889 947 1914 nos
979 1875 1070 1917 Sol,
1102 1888 1147 1916 ut
1178 1878 1290 1922 dixi,
1322 1892 1474 1921 motum
1506 1881 1610 1922 diur-

175 1945 267 1971 num
305 1932 418 1970 maris
448 1943 578 1983 regere
610 1930 762 1971 videtur
793 1961 803 1975 ,
839 1946 960 1985 quum
990 1946 1113 1986 aquae
1142 1932 1228 1973 heic
1258 1936 1429 1977 interdiu
1461 1937 1609 1993 semper

177 1990 279 2027 circa
311 1987 511 2026 meridiem
530 1998 707 2026 tumeant
723 2017 732 2031 ‚
763 1988 805 2027 &
823 1990 942 2028 noctu
958 1989 1064 2028 circa
1081 1990 1250 2030 mediam
1273 1994 1429 2033 noctem
1449 2025 1457 2039 ‚
1488 2009 1609 2049 quan-

179 2044 231 2083 do
250 2041 394 2083 scilicet
420 2043 483 2083 Sol
501 2041 552 2082 est
568 2043 629 2083 vel
646 2044 684 2081 in
703 2044 921 2084 Meridiano
951 2044 1082 2085 nostro
1107 2050 1336 2101 apparenti,
1368 2050 1429 2090 vel
1456 2053 1495 2090 in
1523 2065 1614 2105 par-

180 2101 280 2140 tibus
311 2102 390 2152 ejus
422 2098 637 2154 oppositis.
669 2100 835 2141 Fortasse
855 2101 916 2141 Sol
951 2103 1053 2154 regit
1083 2104 1126 2142 &
1157 2117 1327 2145 annuum
1345 2119 1498 2148 motum
1531 2122 1615 2148 mae

180 2158 255 2199 ris,
283 2155 424 2197 aestum
451 2156 598 2197 scilicet
628 2158 817 2207 majorem
845 2159 950 2198 circa
981 2162 1244 2211 Aequinoctia
1261 2191 1271 2206 ,
1300 2163 1343 2201 &
1360 2165 1466 2204 circa
1483 2163 1610 2204 Solsti-

182 2214 262 2258 tia,
293 2223 337 2252 ut
366 2227 500 2253 omnes
531 2214 648 2253 etiam
680 2212 875 2258 fatentur,
906 2213 1133 2268 praesertim
1149 2231 1271 2270 quum
1287 2231 1356 2258 nos
1374 2234 1421 2261 ex
1437 2218 1612 2276 proposi-

181 2270 287 2309 tione
317 2271 431 2310 tertia
463 2280 712 2324 compertum
728 2269 947 2313 habeamus,
966 2273 1131 2324 majores
1157 2273 1275 2314 aestus
1303 2274 1450 2331 semper
1482 2280 1519 2317 in
1547 2278 1611 2316 lit-

181 2335 267 2365 tore
283 2325 416 2365 nostro
431 2329 657 2379 contingere
672 2340 714 2365 ea
732 2327 841 2366 Luna
860 2355 869 2370 ‚
886 2341 984 2381 quae
1000 2332 1267 2382 Aequinodtia
1284 2333 1326 2372 ὃ(
1341 2333 1506 2373 Solstitia
1522 2348 1612 2389 pro-

180 2381 286 2475 ἕως
317 2380 505 2435 sequitur.
539 2383 596 2422 At
613 2382 698 2438 post
716 2382 884 2423 Solstitia
916 2385 1036 2427 aestus
1066 2386 1193 2427 adhuc
1227 2386 1312 2429 sunt
1342 2394 1535 2442 majore8‚
1567 2399 1612 2429 ut

210 2449 347 2476 iximus
364 2467 372 2475 .

1491 2503 1612 2543 PRO-
