2125 2915
465 197 838 239 APPENDIX
888 194 1243 238 SECVNDA.
1532 211 1580 249 95

177 319 1585 350 mmmfflfflfflmmmmmfflfflfflfflwwm

569 395 628 454 C
680 399 745 456 A
788 393 833 451 P
877 394 950 455 V·
991 392 1049 451 T
1136 397 1167 454 I
1196 394 1244 452 I.

241 523 393 562 CORNv
426 521 661 561 HAMMONIS
693 532 921 561 annrssvm
952 521 1152 560 Lirronrs
1183 521 1460 560 Lmvrmnnsis

526 580 836 618 VMBILICO
881 588 1188 617 CONCAVO.

132 685 224 772 G
238 686 336 724 Enus
353 684 430 725 hoc
449 686 586 725 Cornu
602 683 833 724 Hammonis
865 683 1073 722 minimum
1090 712 1100 728 ,
1129 684 1189 722 uti
1205 682 1248 721 &
1264 681 1500 737 praecedens
1516 712 1525 727 ‚
1543 682 1591 722 ad

254 742 496 781 Semilituum
532 741 686 781 accedit
702 771 712 785 ,
738 738 798 780 sed
816 741 940 779 minus
960 741 999 779 in
1015 748 1126 792 parte
1153 740 1262 780 reeta
1285 738 1338 780 est
1363 737 1592 792 oblongum,

128 800 172 837 ὃς
192 800 311 849 magis
341 797 392 836 est
420 798 716 851 complanatum
733 826 743 840 ‚
772 794 834 836 seu
864 795 1080 849 depreffum
1097 825 1107 841 ,
1135 797 1178 834 &
1209 797 1248 835 in
1279 807 1419 836 centro
1447 794 1591 850 spirae,

127 852 190 892 seu
207 852 390 892 cochleae
421 853 610 893 umbilico
637 853 809 906 quodam
835 866 1013 891 concavo
1037 849 1089 890 est
1114 853 1305 892 donatum
1323 880 1333 895 ,
1355 853 1413 892 uti
1437 864 1593 891 cernere

131 907 229 948 licet
258 909 392 948 eadem
408 908 567 949 Tabula
589 906 650 962 fig.
667 910 713 949 X·
740 906 809 949 sub
825 908 955 948 littera
973 909 1011 947 P.
1044 907 1238 949 Albiffimi
1267 908 1410 949 coloris
1427 906 1480 948 est
1497 906 1591 947 haec

133 963 247 1005 Testa
264 992 273 1006 ‚
304 966 362 1003 uti
388 965 431 1003 ὃς
454 965 688 1019 praecedens
707 995 715 1003 .

129 1057 1542 1086 αὲῆαξηαὲῆῆἁῆαὲῆᾴὲηαὲῆαὲῆάᾱῆαὲὴαᾶῆὰἐῆῆὲὴαὲῆἢῼὴαᾱῆκὲῆᾴὲῆ

491 1131 965 1193 CAPVT
1062 1133 1222 1191 III.

320 1256 497 1295 CONCHA
529 1257 775 1296 Ammiani
808 1269 896 1296 cvM
927 1268 1132 1296 PEmevLO
1164 1268 1325 1297 vaoso
1357 1268 1410 1295 nx

523 1311 762 1352 TEsrvaE
795 1326 963 1352 MARmA
994 1326 1172 1354 DESVMTA
1193 1339 1201 1348 .

132 1417 224 1506 A
255 1418 553 1473 Polythalamiis
576 1419 625 1459 ad
643 1419 827 1459 Conchas
860 1419 1138 1476 Polystachyas
1154 1448 1164 1464 ‚
1181 1419 1242 1461 seu
1258 1419 1490 1476 Polyvalvas
1509 1449 1518 1463 ,
1535 1430 1601 1459 aut

254 1475 530 1516 Cancelliferas
548 1504 558 1518 ,
586 1487 631 1514 ut
657 1476 760 1515 dixit
777 1476 1002 1516 Gualterius
1020 1508 1029 1521 ,
1056 1475 1261 1518 transitum
1292 1475 1394 1517 facio
1411 1507 1422 1522 ,
1437 1477 1478 1515 &
1495 1478 1600 1516 Con-

135 1534 249 1570 cham
267 1530 510 1569 Anatiferam
543 1533 685 1569 iterum
708 1544 871 1582 appono
888 1560 899 1575 ,
922 1535 964 1571 ὃς
981 1531 1182 1576 describo,
1216 1547 1296 1572 non
1326 1533 1434 1587 quod
1466 1547 1524 1572 res
1555 1530 1601 1572 fit

137 1588 261 1626 minus
278 1596 372 1623 nota
390 1615 399 1629 ‚
416 1582 611 1624 notissima
626 1586 729 1624 enim
746 1585 798 1625 est
815 1615 825 1630 ‚
840 1587 897 1625 uti
915 1586 998 1626 dixi
1023 1589 1059 1625 in
1075 1586 1263 1642 superiori
1278 1589 1399 1628 Libro
1417 1591 1463 1629 C·
1482 1601 1599 1628 xun-

136 1644 177 1682 in
199 1642 350 1680 Littore
380 1640 511 1680 nostro
529 1671 539 1685 ‚
571 1641 686 1680 uti&
704 1643 744 1679 in
760 1641 917 1694 reliquis
934 1644 1152 1683 Littoribus
1171 1671 1182 1686 ,
1214 1643 1277 1684 sed
1295 1645 1402 1697 quod
1432 1645 1527 1684 haec
1557 1642 1602 1683 fit

139 1697 274 1738 melius
299 1696 471 1750 expreffa
489 1724 498 1738 ‚
530 1710 647 1750 quam
663 1711 710 1736 eo
727 1698 766 1736 in
783 1698 903 1737 Libro
920 1728 930 1742 ‚
954 1712 1044 1737 cum
1063 1697 1130 1737 suo
1149 1699 1335 1752 pediculo
1364 1698 1504 1753 rugoso
1521 1729 1530 1744 ,
1559 1701 1602 1739 ὃς

137 1755 249 1806 hujus
280 1753 522 1806 exemplaria
551 1781 561 1795 ‚
603 1755 778 1805 quamvis
808 1755 935 1805 Ligno
979 1753 1094 1795 affixa
1123 1754 1219 1795 Tab.
1250 1756 1297 1795 V.
1335 1752 1400 1810 fig.
1426 1756 1493 1794 XI.
1521 1770 1602 1795 non

137 1825 187 1851 ex
216 1811 343 1862 Ligno
372 1809 572 1861 desumpta
609 1807 714 1847 fuere
736 1838 746 1852 ,
775 1807 838 1848 sed
866 1823 914 1848 ex
939 1812 1086 1850 cortice
1102 1809 1318 1850 Testudinis
1348 1813 1545 1857 marinae,
1562 1813 1603 1852 in

139 1881 216 1920 qua
243 1865 464 1903 innumerae
489 1860 712 1915 hujusmodi
745 1863 933 1904 Conchae
963 1863 1101 1906 affixae
1131 1877 1267 1910 erant,
1300 1881 1399 1921 quae
1429 1868 1529 1907 inter
1566 1865 1604 1908 se

139 1923 195 1961 ita
220 1922 352 1960 unitae
382 1920 649 1974 apparebant,
681 1931 725 1959 ut
751 1920 847 1960 duos
877 1919 989 1961 flores
1020 1920 1209 1976 quosdam
1241 1927 1405 1977 majores
1436 1922 1602 1977 polype-

140 1976 241 2017 talos
270 1976 469 2021 radiatos,
500 1974 563 2016 seu
577 1975 753 2016 rosaceos
769 1976 982 2024 referrent,
1012 1992 1109 2033 quos
1135 1980 1240 2034 apud
1270 1994 1332 2021 me
1362 1980 1545 2021 adservo‚

1474 2510 1496 2536 C
1503 2509 1604 2537 APVT
