2145 2910
534 212 588 250 34
964 196 1061 238 DE
1119 196 1531 239 coNcH1s

535 286 733 322 carcere-'m
750 309 760 324 ‚
794 279 1052 321 commodum
1068 289 1198 321 tamen
1215 309 1226 324 ‚
1253 277 1321 322 fibi
1339 294 1453 336 paret
1466 313 1476 324 .
1506 285 1553 324 In
1568 298 1764 329 marmore
1778 288 1881 330 enim
1899 290 1970 331 du-

537 335 684 379 riffimo
700 337 898 378 interdum
923 337 1081 378 latitant
1112 335 1303 378 Pholades
1321 366 1331 381 ,
1356 352 1404 378 ne
1434 340 1528 380 dum
1559 342 1600 381 in
1624 342 1818 399 lapidibus
1835 361 1970 387 arena..

535 396 629 438 riis;
656 395 763 448 quod
779 396 922 434 mirum
964 392 1051 434 sane
1074 390 1152 436 est,
1182 406 1304 448 quum
1333 393 1402 436 nifi
1431 396 1570 438 validis
1598 398 1880 453 lapidariorum
1897 401 1971 443 fer-

533 453 717 491 ramentis
748 465 829 491 non
856 448 1080 503 avellantur
1099 476 1108 485 ·
1374 487 1420 508 f„
1780 493 1788 500 ‚

518 508 580 559 Μ]
592 504 784 547 mm
817 500 979 567 &2qu
991 498 1098 554 ψ
1119 521 1159 572 st
1177 503 1273 553 '45'
1292 498 1422 550 ism-le
1437 505 1578 572 st-d'o‘s
1599 528 1626 552 γι
1642 516 1785 557 ·x.xm

557 571 1944 612 QQQQQQQQQQNQQQQQ

632 682 1026 774 PARS
1118 686 1881 781 SECVNDA

773 845 1173 908 CAPVT
1255 849 1744 910 PRIMVM

554 962 763 1000 CANCER
804 974 1018 1001 LATIPES
1057 974 1250 1004 PAvas
1291 974 1551 1002 OBLONGVS
1589 974 1944 1002 VARIEGATvs.

529 1078 558 1115 Ι.
591 1076 888 1161 Hchsque
912 1077 960 1117 de
983 1077 1228 1132 Corporibus
1261 1078 1418 1119 marinis
1445 1076 1557 1116 duris
1587 1076 1746 1129 quidem
1777 1079 1820 1117 ὃ(
1850 1080 1977 1116 minus

729 1135 832 1172 notis
849 1136 997 1187 egimus
1016 1162 1026 1177 ,
1059 1147 1158 1186 quae
1182 1136 1324 1174 Graeci
1355 1134 1404 1174 ad
1421 1131 1765 1172 Ostracodermata
1779 1131 1951 1173 referunt
1966 1161 1977 1176 ‚

531 1202 636 1229 nunc
667 1202 761 1229 vero
791 1188 840 1226 de
872 1192 915 1226 iis
932 1190 1151 1240 agendum,
1180 1203 1278 1242 quae
1294 1190 1408 1231 Testa
1436 1188 1596 1241 quidem
1625 1187 1755 1239 aliqua
1786 1189 1976 1242 operiun-

530 1256 594 1285 tur
614 1277 622 1290 ‚
655 1246 718 1285 vel
748 1241 927 1283 constant
944 1270 954 1285 ‚
980 1241 1040 1283 sed
1060 1246 1184 1283 minus
1203 1245 1300 1284 dura
1330 1262 1339 1289 ;
1372 1246 1466 1284 haec
1492 1242 1616 1297 vulgo
1643 1243 1850 1284 Crustacea
1868 1271 1878 1286 ‚
1910 1244 1973 1285 vel

532 1301 713 1342 Crustata
748 1298 951 1355 appellant
981 1327 990 1342 ‚
1028 1301 1138 1351 cujus
1178 1302 1325 1354 generis
1358 1297 1599 1354 potissimum
1631 1298 1717 1339 sunt
1747 1328 1757 1344 ,
1798 1301 1972 1343 Cancri,

531 1358 667 1398 Astaci
688 1389 697 1403 ,
723 1355 910 1396 Locustae
929 1386 938 1400 ‚
967 1355 1163 1410 Squillae,
1197 1356 1339 1397 Stellae
1369 1358 1540 1396 marinae
1558 1385 1567 1400 ‚
1597 1358 1640 1396 &
1671 1355 1746 1397 alia
1777 1353 1977 1409 hujusmo-

533 1416 573 1455 di
597 1445 606 1453 .
638 1416 699 1454 De
725 1427 865 1466 genere
897 1414 1006 1452 omni
1036 1411 1177 1452 horum
1210 1412 1322 1452 nobis
1352 1427 1464 1466 agere
1494 1426 1573 1452 non
1607 1411 1658 1452 est
1688 1415 1839 1453 animus
1872 1427 1882 1457 ;
1912 1411 1975 1452 sed

532 1483 687 1511 tantum
721 1480 763 1510 ut
796 1469 868 1509 fert
894 1466 1068 1524 praesens
1099 1468 1325 1509 Institutum
1359 1469 1551 1523 quaedam
1580 1470 1814 1522 attingemus
1833 1496 1843 1510 ,
1876 1482 1976 1522 quae

534 1529 660 1568 minus
698 1537 793 1566 nota
810 1524 900 1565 sunt
921 1557 929 1571 ,
953 1526 997 1564 &
1024 1527 1061 1564 in
1079 1524 1186 1565 libris
1217 1523 1352 1580 paffim
1380 1539 1461 1565 non
1491 1523 1710 1578 descripta.
1743 1522 1975 1576 Cujusmodi

531 1583 584 1622 est
598 1584 751 1623 Cancer
769 1582 832 1621 hic
859 1582 997 1635 latipes
1016 1610 1025 1624 ,
1045 1596 1161 1634 quern
1181 1584 1310 1636 primo
1326 1582 1419 1622 loco
1436 1580 1664 1621 exhibemus
1683 1607 1696 1623 9
1719 1583 1762 1621 ὃς
1783 1580 1882 1622 Tab-
1902 1580 1972 1619 ΠΙ.

533 1637 658 1692 figura
674 1640 764 1679 VII.
780 1637 848 1677 sub
864 1638 1000 1676 litteris
1030 1639 1059 1675 B
1087 1637 1129 1675 &
1158 1639 1193 1676 C
1226 1636 1313 1677 satis
1331 1649 1423 1690 apte
1454 1636 1530 1676 fuit
1560 1635 1777 1692 expositus.
1811 1636 1974 1676 Ronde-

533 1695 645 1735 letius
670 1693 755 1748 post
783 1691 1034 1731 Aristotelem
1066 1693 1214 1744 primus
1244 1689 1444 1744 descripsit
1467 1693 1666 1731 Cancrum
1696 1693 1907 1747 latipedem
1924 1690 1974 1731 fic

533 1752 685 1790 dietum
711 1763 733 1788 a
750 1748 899 1787 duabus
916 1747 1034 1787 chelis
1053 1775 1063 1790 ‚
1093 1761 1188 1799 quas
1206 1748 1302 1787 latas
1328 1746 1447 1786 habet
1477 1748 1516 1785 in
1546 1750 1794 1789 extremitate
1811 1777 1820 1791 ‚
1846 1759 1890 1787 ut
1916 1749 1976 1790 vi-,

533 1807 622 1846 dere
638 1804 691 1845 est
706 1804 811 1858 apud
828 1804 1008 1843 eumdem
1026 1807 1100 1850 (a)
1117 1832 1126 1846 ‚
1158 1805 1200 1841 &
1230 1804 1269 1839 in
1294 1802 1445 1840 Tabula
1479 1800 1607 1839 nostra
1639 1802 1706 1841 sub
1724 1806 1863 1842 litteris
1883 1805 1971 1843 AA.

531 1862 719 1917 lgnobilis
737 1860 894 1915 quidem
910 1857 962 1897 est
978 1857 1222 1898 Rondeletio
1238 1857 1391 1910 Latipes
1419 1857 1572 1894 Cancer
1585 1884 1594 1899 ,
1627 1857 1734 1909 quod
1751 1858 1855 1911 apud
1875 1857 1974 1898 Mas-

531 1917 687 1961 {ilienses
719 1916 802 1958 suos
836 1912 1157 1969 frequentiffimus
1186 1912 1232 1954 fit
1250 1943 1260 1958 ,
1289 1914 1332 1952 δε
1359 1925 1501 1965 parvus
1527 1941 1537 1957 ,
1564 1922 1609 1950 ut
1638 1915 1746 1952 nucis
1776 1913 1972 1968 juglandis

531 1975 840 2030 magnitudinem
873 1988 963 2012 raro
981 1970 1160 2026 superet.
1196 1970 1320 2010 Nobis
1346 1971 1499 2009 Cancer
1523 1967 1590 2008 iste
1622 1969 1761 2024 latipes
1793 1982 1971 2025 nontam

464 2064 468 2071 .
531 2032 712 2086 ignobilis
732 2032 884 2071 videtur
904 2057 914 2072 ‚
942 2040 1024 2068 tum
1042 2029 1135 2083 quia
1155 2042 1234 2067 non
1252 2038 1331 2067 tam
1349 2025 1525 2079 frequens
1542 2052 1553 2068 ‚
1581 2035 1663 2065 tum
1682 2026 1788 2079 quod
1809 2026 1971 2079 pulchre

536 2087 581 2129 fit
598 2091 816 2142 variegatus
834 2117 844 2132 ,
872 2096 914 2126 ut
943 2099 1179 2126 marmoreus
1196 2085 1373 2124 videatur
1392 2116 1397 2121 .
1429 2083 1633 2122 Praeterea
1650 2097 1729 2121 non
1747 2081 1862 2121 instar
1890 2084 1974 2121 Nu-

537 2148 590 2185 cis
609 2145 800 2199 juglandis
818 2141 999 2198 globosus
1017 2141 1070 2182 est
1099 2154 1143 2181 ut
1168 2141 1233 2182 ille
1248 2140 1502 2182 Rondeletii‚
1526 2136 1587 2180 sed
1604 2138 1875 2193 complanatus
1893 2169 1902 2183 ,
1927 2140 1972 2178 &

539 2204 715 2255 quamvis
733 2202 843 2240 nobis
861 2215 1002 2255 parvus
1018 2200 1172 2239 dicatur
1190 2229 1199 2243 ,
1231 2199 1270 2238 id
1297 2206 1525 2253 comparate
1548 2195 1697 2236 dietum
1714 2194 1766 2235 est
1782 2195 1830 2234 ad
1847 2195 1942 2234 alios
1960 2210 1970 2239 3

537 2261 615 2311 ejus
633 2259 737 2297 enim
758 2257 1039 2311 magnitudinis
1058 2254 1190 2296 saltem
1207 2254 1260 2296 est
1274 2283 1283 2298 ‚
1314 2269 1389 2309 qua
1405 2257 1444 2294 in
1458 2251 1612 2292 Tabula
1634 2253 1806 2291 cernitur
1824 2282 1830 2289 .
1862 2251 1971 2302 Qa-

540 2330 580 2355 re
596 2314 721 2369 specie
753 2315 918 2354 omnino
949 2310 1141 2354 diversum
1159 2314 1208 2352 ab
1224 2328 1270 2353 eo
1288 2311 1514 2352 Rondeletii
1544 2307 1615 2349 effe
1640 2309 1810 2348 arbitror
1827 2337 1835 2346 .
1866 2308 1970 2347 Rete

540 2387 560 2411 a
581 2369 845 2425 piscatoribus
867 2384 1079 2425 numquam
1096 2371 1253 2424 capitur
1268 2401 1278 2415 ,
1308 2371 1350 2409 &
1365 2366 1530 2424 proinde
1548 2366 1597 2406 ab
1615 2367 1656 2405 iis
1674 2379 1752 2405 non
1769 2365 1944 2417 rejicitur
1961 2394 1972 2409 ,

1930 2430 1974 2459 ut

579 2513 632 2543 (a)
652 2512 710 2540 Lib.
723 2521 817 2541 xvx11.
831 2513 861 2539 dc
874 2511 1010 2549 I'Xfiilms.
1034 2514 1411 2547 Cap11*.‘111.p1g.1n.565.
