<?xml version="1.0" encoding="UTF-8"?>
<!DOCTYPE html PUBLIC "-//W3C//DTD XHTML 1.0 Transitional//EN"
    "http://www.w3.org/TR/xhtml1/DTD/xhtml1-transitional.dtd">
<html xmlns="http://www.w3.org/1999/xhtml" xml:lang="en" lang="en">
 <head>
  <title>
</title>
<meta http-equiv="Content-Type" content="text/html;charset=utf-8" />
  <meta name='ocr-system' content='tesseract 3.04.00' />
  <meta name='ocr-capabilities' content='ocr_page ocr_carea ocr_par ocr_line ocrx_word'/>
</head>
<body>
  <div class='ocr_page' id='page_1' title='image "./janiplanciarimin02bian_0083.png"; bbox 0 0 2125 2915; ppageno 0'>
   <div class='ocr_carea' id='block_1_1' title="bbox 420 201 1569 250">
    <p class='ocr_par' dir='ltr' id='par_1_1' title="bbox 420 201 1569 250">
     <span class='ocr_line' id='line_1_1' title="bbox 420 201 1569 250; baseline -0.002 0"><span class='ocrx_word' id='word_1_1' title='bbox 420 201 1259 250; x_wconf 76' lang='lat' dir='ltr'>AESTVSMARITIMI</span> <span class='ocrx_word' id='word_1_2' title='bbox 1516 215 1569 250; x_wconf 84' lang='lat'>79</span> 
     </span>
    </p>
   </div>
   <div class='ocr_carea' id='block_1_2' title="bbox 118 286 1582 2257">
    <p class='ocr_par' dir='ltr' id='par_1_2' title="bbox 118 286 1582 2257">
     <span class='ocr_line' id='line_1_2' title="bbox 119 286 1577 347; baseline -0.008 -11"><span class='ocrx_word' id='word_1_3' title='bbox 119 297 327 339; x_wconf 83' lang='lat' dir='ltr'>continent</span> <span class='ocrx_word' id='word_1_4' title='bbox 345 320 355 337; x_wconf 90' lang='lat'><strong>,</strong></span> <span class='ocrx_word' id='word_1_5' title='bbox 384 293 426 332; x_wconf 88' lang='lat' dir='ltr'>in</span> <span class='ocrx_word' id='word_1_6' title='bbox 451 294 588 347; x_wconf 91' lang='lat' dir='ltr'>quibus</span> <span class='ocrx_word' id='word_1_7' title='bbox 605 290 799 331; x_wconf 89' lang='lat' dir='ltr'>institutae</span> <span class='ocrx_word' id='word_1_8' title='bbox 829 288 982 330; x_wconf 59' lang='lat' dir='ltr'>filerunt</span> <span class='ocrx_word' id='word_1_9' title='bbox 1008 286 1303 328; x_wconf 69' lang='lat' dir='ltr'>robservationes</span> <span class='ocrx_word' id='word_1_10' title='bbox 1322 316 1331 326; x_wconf 94' lang='lat'><strong>.</strong></span> <span class='ocrx_word' id='word_1_11' title='bbox 1358 286 1495 341; x_wconf 79' lang='lat' dir='ltr'>Qare</span> <span class='ocrx_word' id='word_1_12' title='bbox 1512 293 1577 330; x_wconf 81' lang='lat' dir='ltr'>ad-</span> 
     </span>
     <span class='ocr_line' id='line_1_3' title="bbox 118 342 1570 408; baseline -0.01 -13"><span class='ocrx_word' id='word_1_13' title='bbox 118 355 289 408; x_wconf 72' lang='lat' dir='ltr'>jectione</span> <span class='ocrx_word' id='word_1_14' title='bbox 320 349 459 391; x_wconf 89' lang='lat' dir='ltr'>harum</span> <span class='ocrx_word' id='word_1_15' title='bbox 490 348 815 390; x_wconf 78' lang='lat' dir='ltr'>Observationum</span> <span class='ocrx_word' id='word_1_16' title='bbox 834 377 843 392; x_wconf 94' lang='lat'><strong><em>,</em></strong></span> <span class='ocrx_word' id='word_1_17' title='bbox 868 360 966 401; x_wconf 89' lang='lat' dir='ltr'>quae</span> <span class='ocrx_word' id='word_1_18' title='bbox 995 355 1193 400; x_wconf 88' lang='lat' dir='ltr'>praeterea</span> <span class='ocrx_word' id='word_1_19' title='bbox 1218 342 1327 398; x_wconf 84' lang='lat' dir='ltr'><strong>saepe</strong></span> <span class='ocrx_word' id='word_1_20' title='bbox 1360 342 1447 385; x_wconf 84' lang='lat' dir='ltr'>sunt</span> <span class='ocrx_word' id='word_1_21' title='bbox 1476 360 1570 386; x_wconf 85' lang='lat' dir='ltr'>con.</span> 
     </span>
     <span class='ocr_line' id='line_1_4' title="bbox 119 401 1571 455; baseline -0.01 -4"><span class='ocrx_word' id='word_1_22' title='bbox 119 410 263 451; x_wconf 84' lang='lat' dir='ltr'>formes</span> <span class='ocrx_word' id='word_1_23' title='bbox 283 438 293 453; x_wconf 93' lang='lat'>‚</span> <span class='ocrx_word' id='word_1_24' title='bbox 318 406 486 447; x_wconf 90' lang='lat' dir='ltr'>multum</span> <span class='ocrx_word' id='word_1_25' title='bbox 507 404 744 446; x_wconf 87' lang='lat' dir='ltr'>excresceret</span> <span class='ocrx_word' id='word_1_26' title='bbox 760 403 953 445; x_wconf 87' lang='lat' dir='ltr'>Volumen</span> <span class='ocrx_word' id='word_1_27' title='bbox 970 433 980 448; x_wconf 92' lang='lat'>,</span> <span class='ocrx_word' id='word_1_28' title='bbox 997 401 1241 455; x_wconf 87' lang='lat' dir='ltr'>multumque</span> <span class='ocrx_word' id='word_1_29' title='bbox 1264 403 1417 455; x_wconf 87' lang='lat' dir='ltr'>negotii</span> <span class='ocrx_word' id='word_1_30' title='bbox 1440 402 1484 442; x_wconf 67' lang='grc' dir='ltr'>ὃς</span> <span class='ocrx_word' id='word_1_31' title='bbox 1514 402 1571 443; x_wconf 85' lang='lat' dir='ltr'>fa-</span> 
     </span>
     <span class='ocr_line' id='line_1_5' title="bbox 120 457 1568 517; baseline -0.006 -11"><span class='ocrx_word' id='word_1_32' title='bbox 120 466 223 506; x_wconf 79' lang='lat' dir='ltr'>ssidii</span> <span class='ocrx_word' id='word_1_33' title='bbox 249 464 464 517; x_wconf 85' lang='lat' dir='ltr'>legentibus</span> <span class='ocrx_word' id='word_1_34' title='bbox 490 462 686 503; x_wconf 82' lang='lat' dir='ltr'>facefferet</span> <span class='ocrx_word' id='word_1_35' title='bbox 716 489 726 504; x_wconf 82' lang='lat'>‚</span> <span class='ocrx_word' id='word_1_36' title='bbox 767 461 906 514; x_wconf 87' lang='lat' dir='ltr'>quibus</span> <span class='ocrx_word' id='word_1_37' title='bbox 936 473 1015 500; x_wconf 88' lang='lat' dir='ltr'>non</span> <span class='ocrx_word' id='word_1_38' title='bbox 1045 458 1275 512; x_wconf 69' lang='lat' dir='ltr'>Specimem</span> <span class='ocrx_word' id='word_1_39' title='bbox 1309 457 1373 498; x_wconf 89' lang='lat' dir='ltr'>sed</span> <span class='ocrx_word' id='word_1_40' title='bbox 1405 472 1568 514; x_wconf 83' lang='lat' dir='ltr'>magnus</span> 
     </span>
     <span class='ocr_line' id='line_1_6' title="bbox 119 513 1575 576; baseline -0.004 -15"><span class='ocrx_word' id='word_1_41' title='bbox 119 521 281 576; x_wconf 89' lang='lat' dir='ltr'>quidam</span> <span class='ocrx_word' id='word_1_42' title='bbox 296 521 412 561; x_wconf 85' lang='lat' dir='ltr'>Liber</span> <span class='ocrx_word' id='word_1_43' title='bbox 439 519 724 575; x_wconf 87' lang='lat' dir='ltr'>pervolvendus</span> <span class='ocrx_word' id='word_1_44' title='bbox 753 518 974 559; x_wconf 86' lang='lat' dir='ltr'>videretur.</span> <span class='ocrx_word' id='word_1_45' title='bbox 1004 516 1128 555; x_wconf 86' lang='lat' dir='ltr'>Satius</span> <span class='ocrx_word' id='word_1_46' title='bbox 1156 515 1276 568; x_wconf 84' lang='lat' dir='ltr'>igitur</span> <span class='ocrx_word' id='word_1_47' title='bbox 1307 513 1402 554; x_wconf 84' lang='lat' dir='ltr'>duxi</span> <span class='ocrx_word' id='word_1_48' title='bbox 1430 529 1492 554; x_wconf 87' lang='lat' dir='ltr'>eas</span> <span class='ocrx_word' id='word_1_49' title='bbox 1525 530 1575 555; x_wconf 69' lang='lat' dir='ltr'>oe</span> 
     </span>
     <span class='ocr_line' id='line_1_7' title="bbox 121 567 1571 631; baseline -0.004 -14"><span class='ocrx_word' id='word_1_50' title='bbox 121 580 304 618; x_wconf 89' lang='lat' dir='ltr'>mittere.</span> <span class='ocrx_word' id='word_1_51' title='bbox 336 579 523 631; x_wconf 87' lang='lat' dir='ltr'><strong>Equidem</strong></span> <span class='ocrx_word' id='word_1_52' title='bbox 554 576 658 622; x_wconf 81' lang='lat' dir='ltr'>scio,</span> <span class='ocrx_word' id='word_1_53' title='bbox 688 575 944 616; x_wconf 87' lang='lat' dir='ltr'>Astronomos</span> <span class='ocrx_word' id='word_1_54' title='bbox 974 570 1271 612; x_wconf 79' lang='lat' dir='ltr'>Observationes</span> <span class='ocrx_word' id='word_1_55' title='bbox 1298 567 1379 609; x_wconf 90' lang='lat' dir='ltr'>suas</span> <span class='ocrx_word' id='word_1_56' title='bbox 1407 572 1571 611; x_wconf 77' lang='lat' dir='ltr'>minutas</span> 
     </span>
     <span class='ocr_line' id='line_1_8' title="bbox 122 626 1573 687; baseline -0.004 -13"><span class='ocrx_word' id='word_1_57' title='bbox 122 632 209 674; x_wconf 90' lang='lat' dir='ltr'>sane</span> <span class='ocrx_word' id='word_1_58' title='bbox 226 665 236 680; x_wconf 90' lang='lat'><strong>,</strong></span> <span class='ocrx_word' id='word_1_59' title='bbox 268 636 312 674; x_wconf 68' lang='grc' dir='ltr'>ὃς</span> <span class='ocrx_word' id='word_1_60' title='bbox 341 634 539 675; x_wconf 88' lang='lat' dir='ltr'>interdum</span> <span class='ocrx_word' id='word_1_61' title='bbox 569 635 803 687; x_wconf 89' lang='lat' dir='ltr'>interruptas</span> <span class='ocrx_word' id='word_1_62' title='bbox 833 630 945 671; x_wconf 88' lang='lat' dir='ltr'>edere</span> <span class='ocrx_word' id='word_1_63' title='bbox 962 659 972 674; x_wconf 89' lang='lat'>,</span> <span class='ocrx_word' id='word_1_64' title='bbox 1000 641 1098 682; x_wconf 87' lang='lat' dir='ltr'>quae</span> <span class='ocrx_word' id='word_1_65' title='bbox 1124 628 1174 667; x_wconf 92' lang='lat' dir='ltr'>ab</span> <span class='ocrx_word' id='word_1_66' title='bbox 1190 626 1462 666; x_wconf 86' lang='lat' dir='ltr'>Astronomiae</span> <span class='ocrx_word' id='word_1_67' title='bbox 1491 629 1573 668; x_wconf 89' lang='lat' dir='ltr'>cul-</span> 
     </span>
     <span class='ocr_line' id='line_1_9' title="bbox 124 683 1572 740; baseline -0.004 -10"><span class='ocrx_word' id='word_1_68' title='bbox 124 692 272 731; x_wconf 87' lang='lat' dir='ltr'>toribus</span> <span class='ocrx_word' id='word_1_69' title='bbox 299 691 412 732; x_wconf 90' lang='lat' dir='ltr'>avide</span> <span class='ocrx_word' id='word_1_70' title='bbox 428 719 439 734; x_wconf 91' lang='lat'>‚</span> <span class='ocrx_word' id='word_1_71' title='bbox 470 706 518 731; x_wconf 92' lang='lat' dir='ltr'>ne</span> <span class='ocrx_word' id='word_1_72' title='bbox 544 690 638 730; x_wconf 88' lang='lat' dir='ltr'>dum</span> <span class='ocrx_word' id='word_1_73' title='bbox 661 687 852 730; x_wconf 84' lang='lat' dir='ltr'>benevole</span> <span class='ocrx_word' id='word_1_74' title='bbox 878 687 1126 740; x_wconf 85' lang='lat' dir='ltr'>excipiuntur</span> <span class='ocrx_word' id='word_1_75' title='bbox 1142 712 1153 727; x_wconf 94' lang='lat'>,</span> <span class='ocrx_word' id='word_1_76' title='bbox 1181 697 1280 737; x_wconf 90' lang='lat' dir='ltr'>quae</span> <span class='ocrx_word' id='word_1_77' title='bbox 1304 683 1387 723; x_wconf 83' lang='lat' dir='ltr'>aliis</span> <span class='ocrx_word' id='word_1_78' title='bbox 1419 683 1572 724; x_wconf 82' lang='lat' dir='ltr'>fortaffe</span> 
     </span>
     <span class='ocr_line' id='line_1_10' title="bbox 121 739 1574 801; baseline -0.003 -15"><span class='ocrx_word' id='word_1_79' title='bbox 121 761 180 787; x_wconf 82' lang='lat' dir='ltr'>res</span> <span class='ocrx_word' id='word_1_80' title='bbox 204 749 365 801; x_wconf 81' lang='lat' dir='ltr'>putidae</span> <span class='ocrx_word' id='word_1_81' title='bbox 394 748 627 792; x_wconf 88' lang='lat' dir='ltr'>videantur,</span> <span class='ocrx_word' id='word_1_82' title='bbox 659 749 767 798; x_wconf 78' lang='lat' dir='ltr'>cujus</span> <span class='ocrx_word' id='word_1_83' title='bbox 785 745 841 785; x_wconf 90' lang='lat' dir='ltr'>rei</span> <span class='ocrx_word' id='word_1_84' title='bbox 859 741 1042 796; x_wconf 85' lang='lat' dir='ltr'>exemplo</span> <span class='ocrx_word' id='word_1_85' title='bbox 1070 739 1142 781; x_wconf 82' lang='lat' dir='ltr'>effe</span> <span class='ocrx_word' id='word_1_86' title='bbox 1159 739 1313 795; x_wconf 82' lang='lat' dir='ltr'>poffunt</span> <span class='ocrx_word' id='word_1_87' title='bbox 1345 739 1574 794; x_wconf 85' lang='lat' dir='ltr'>posthumae</span> 
     </span>
     <span class='ocr_line' id='line_1_11' title="bbox 121 796 1577 846; baseline -0.003 -3"><span class='ocrx_word' id='word_1_88' title='bbox 121 802 530 846; x_wconf 83' lang='lat' dir='ltr'>FrancisciBlanchini</span> <span class='ocrx_word' id='word_1_89' title='bbox 562 801 745 842; x_wconf 87' lang='lat' dir='ltr'>Praesulis</span> <span class='ocrx_word' id='word_1_90' title='bbox 762 797 984 839; x_wconf 69' lang='lat' dir='ltr'>Docstiffimi</span> <span class='ocrx_word' id='word_1_91' title='bbox 1019 800 1063 838; x_wconf 89' lang='lat'>&amp;</span> <span class='ocrx_word' id='word_1_92' title='bbox 1093 799 1225 837; x_wconf 88' lang='lat' dir='ltr'>Amici</span> <span class='ocrx_word' id='word_1_93' title='bbox 1256 796 1373 836; x_wconf 89' lang='lat' dir='ltr'>nostri</span> <span class='ocrx_word' id='word_1_94' title='bbox 1389 797 1577 839; x_wconf 83' lang='lat' dir='ltr'>Astrono-</span> 
     </span>
     <span class='ocr_line' id='line_1_12' title="bbox 123 853 1574 909; baseline -0.003 -10"><span class='ocrx_word' id='word_1_95' title='bbox 123 862 252 899; x_wconf 84' lang='lat' dir='ltr'>micae</span> <span class='ocrx_word' id='word_1_96' title='bbox 277 858 563 899; x_wconf 88' lang='lat' dir='ltr'>observationes</span> <span class='ocrx_word' id='word_1_97' title='bbox 589 889 600 903; x_wconf 94' lang='lat'><em>‚</em></span> <span class='ocrx_word' id='word_1_98' title='bbox 632 860 735 897; x_wconf 86' lang='lat' dir='ltr'>inter</span> <span class='ocrx_word' id='word_1_99' title='bbox 766 870 859 909; x_wconf 86' lang='lat' dir='ltr'>quas</span> <span class='ocrx_word' id='word_1_100' title='bbox 888 853 1162 895; x_wconf 83' lang='lat' dir='ltr'>benevolentia</span> <span class='ocrx_word' id='word_1_101' title='bbox 1194 855 1297 892; x_wconf 87' lang='lat' dir='ltr'>tanti</span> <span class='ocrx_word' id='word_1_102' title='bbox 1314 854 1397 893; x_wconf 90' lang='lat' dir='ltr'>Viri</span> <span class='ocrx_word' id='word_1_103' title='bbox 1429 868 1574 894; x_wconf 88' lang='lat' dir='ltr'>nomen</span> 
     </span>
     <span class='ocr_line' id='line_1_13' title="bbox 124 910 1577 968; baseline -0.002 -15"><span class='ocrx_word' id='word_1_104' title='bbox 124 912 297 953; x_wconf 87' lang='lat' dir='ltr'>nostrum</span> <span class='ocrx_word' id='word_1_105' title='bbox 329 913 500 968; x_wconf 85' lang='lat' dir='ltr'>splendet</span> <span class='ocrx_word' id='word_1_106' title='bbox 529 919 584 962; x_wconf 81' lang='lat' dir='ltr'>(a)</span> <span class='ocrx_word' id='word_1_107' title='bbox 610 930 619 955; x_wconf 91' lang='lat'>:</span> <span class='ocrx_word' id='word_1_108' title='bbox 646 916 692 953; x_wconf 68' lang='grc' dir='ltr'>ὃς</span> <span class='ocrx_word' id='word_1_109' title='bbox 721 912 1021 952; x_wconf 78' lang='lat' dir='ltr'>Observationes</span> <span class='ocrx_word' id='word_1_110' title='bbox 1058 911 1164 949; x_wconf 85' lang='lat' dir='ltr'>circa</span> <span class='ocrx_word' id='word_1_111' title='bbox 1202 910 1461 950; x_wconf 87' lang='lat' dir='ltr'>Meridianam</span> <span class='ocrx_word' id='word_1_112' title='bbox 1503 911 1577 950; x_wconf 91' lang='lat' dir='ltr'>Bo-</span> 
     </span>
     <span class='ocr_line' id='line_1_14' title="bbox 123 966 1575 1023; baseline -0.003 -13"><span class='ocrx_word' id='word_1_113' title='bbox 123 967 346 1010; x_wconf 88' lang='lat' dir='ltr'>noniensem</span> <span class='ocrx_word' id='word_1_114' title='bbox 376 985 397 1009; x_wconf 89' lang='lat' dir='ltr'>a</span> <span class='ocrx_word' id='word_1_115' title='bbox 422 968 726 1023; x_wconf 75' lang='lat' dir='ltr'>praeclarissimo</span> <span class='ocrx_word' id='word_1_116' title='bbox 754 967 978 1009; x_wconf 86' lang='lat' dir='ltr'>Manfredio</span> <span class='ocrx_word' id='word_1_117' title='bbox 1001 979 1122 1020; x_wconf 86' lang='lat' dir='ltr'>nuper</span> <span class='ocrx_word' id='word_1_118' title='bbox 1139 966 1265 1006; x_wconf 85' lang='lat' dir='ltr'>editae</span> <span class='ocrx_word' id='word_1_119' title='bbox 1281 994 1291 1009; x_wconf 92' lang='lat'>‚</span> <span class='ocrx_word' id='word_1_120' title='bbox 1326 980 1425 1020; x_wconf 89' lang='lat' dir='ltr'>quae</span> <span class='ocrx_word' id='word_1_121' title='bbox 1441 981 1575 1007; x_wconf 89' lang='lat' dir='ltr'>omnes</span> 
     </span>
     <span class='ocr_line' id='line_1_15' title="bbox 124 1019 1578 1076; baseline -0.003 -9"><span class='ocrx_word' id='word_1_122' title='bbox 124 1028 298 1067; x_wconf 86' lang='lat' dir='ltr'>minutae</span> <span class='ocrx_word' id='word_1_123' title='bbox 328 1026 541 1066; x_wconf 87' lang='lat' dir='ltr'>admodum</span> <span class='ocrx_word' id='word_1_124' title='bbox 575 1023 662 1064; x_wconf 87' lang='lat' dir='ltr'>sunt</span> <span class='ocrx_word' id='word_1_125' title='bbox 690 1025 733 1064; x_wconf 70' lang='grc' dir='ltr'>δε</span> <span class='ocrx_word' id='word_1_126' title='bbox 764 1026 1007 1076; x_wconf 84' lang='lat' dir='ltr'>interruptae</span> <span class='ocrx_word' id='word_1_127' title='bbox 1038 1054 1041 1057; x_wconf 84' lang='lat'><em>.</em></span> <span class='ocrx_word' id='word_1_128' title='bbox 1079 1024 1125 1062; x_wconf 84' lang='lat' dir='ltr'>Et</span> <span class='ocrx_word' id='word_1_129' title='bbox 1157 1019 1242 1062; x_wconf 89' lang='lat' dir='ltr'>sane</span> <span class='ocrx_word' id='word_1_130' title='bbox 1273 1023 1356 1076; x_wconf 91' lang='lat' dir='ltr'>plus</span> <span class='ocrx_word' id='word_1_131' title='bbox 1395 1023 1578 1063; x_wconf 84' lang='lat' dir='ltr'>utilitatis</span> 
     </span>
     <span class='ocr_line' id='line_1_16' title="bbox 126 1079 1577 1135; baseline -0.002 -14"><span class='ocrx_word' id='word_1_132' title='bbox 126 1082 332 1121; x_wconf 89' lang='lat' dir='ltr'>hominum</span> <span class='ocrx_word' id='word_1_133' title='bbox 361 1083 491 1135; x_wconf 84' lang='lat' dir='ltr'>generi</span> <span class='ocrx_word' id='word_1_134' title='bbox 527 1081 663 1122; x_wconf 83' lang='lat' dir='ltr'>afferre</span> <span class='ocrx_word' id='word_1_135' title='bbox 702 1079 857 1135; x_wconf 83' lang='lat' dir='ltr'>poffunt</span> <span class='ocrx_word' id='word_1_136' title='bbox 888 1081 1060 1120; x_wconf 83' lang='lat' dir='ltr'>marinae</span> <span class='ocrx_word' id='word_1_137' title='bbox 1101 1079 1476 1132; x_wconf 84' lang='lat' dir='ltr'>quomodocumque</span> <span class='ocrx_word' id='word_1_138' title='bbox 1507 1079 1577 1118; x_wconf 87' lang='lat' dir='ltr'>ob-</span> 
     </span>
     <span class='ocr_line' id='line_1_17' title="bbox 123 1134 1575 1192; baseline -0.001 -16"><span class='ocrx_word' id='word_1_139' title='bbox 123 1135 356 1180; x_wconf 76' lang='lat' dir='ltr'>servationes</span> <span class='ocrx_word' id='word_1_140' title='bbox 372 1165 382 1180; x_wconf 90' lang='lat'>‚</span> <span class='ocrx_word' id='word_1_141' title='bbox 414 1152 532 1192; x_wconf 88' lang='lat' dir='ltr'>quam</span> <span class='ocrx_word' id='word_1_142' title='bbox 549 1137 879 1178; x_wconf 74' lang='lat' dir='ltr'>Astronomorum</span> <span class='ocrx_word' id='word_1_143' title='bbox 909 1138 1082 1176; x_wconf 89' lang='lat' dir='ltr'>minutae</span> <span class='ocrx_word' id='word_1_144' title='bbox 1109 1134 1200 1177; x_wconf 85' lang='lat' dir='ltr'>illae</span> <span class='ocrx_word' id='word_1_145' title='bbox 1216 1135 1436 1178; x_wconf 82' lang='lat' dir='ltr'>Satellitum</span> <span class='ocrx_word' id='word_1_146' title='bbox 1469 1135 1575 1186; x_wconf 83' lang='lat' dir='ltr'>Jovis</span> 
     </span>
     <span class='ocr_line' id='line_1_18' title="bbox 127 1189 1577 1248; baseline -0.001 -15"><span class='ocrx_word' id='word_1_147' title='bbox 127 1195 392 1248; x_wconf 87' lang='lat' dir='ltr'>apparitiones</span> <span class='ocrx_word' id='word_1_148' title='bbox 422 1192 788 1247; x_wconf 85' lang='lat' dir='ltr'>occultationesque</span> <span class='ocrx_word' id='word_1_149' title='bbox 804 1221 815 1236; x_wconf 79' lang='lat'>‚</span> <span class='ocrx_word' id='word_1_150' title='bbox 844 1190 1114 1243; x_wconf 86' lang='lat' dir='ltr'>Tranfitusque</span> <span class='ocrx_word' id='word_1_151' title='bbox 1131 1191 1292 1240; x_wconf 87' lang='lat' dir='ltr'>alicujus</span> <span class='ocrx_word' id='word_1_152' title='bbox 1310 1189 1494 1230; x_wconf 86' lang='lat' dir='ltr'>Planetae</span> <span class='ocrx_word' id='word_1_153' title='bbox 1510 1189 1577 1231; x_wconf 90' lang='lat' dir='ltr'>sub</span> 
     </span>
     <span class='ocr_line' id='line_1_19' title="bbox 129 1246 1577 1301; baseline 0 -13"><span class='ocrx_word' id='word_1_154' title='bbox 129 1250 257 1289; x_wconf 88' lang='lat' dir='ltr'>Solem</span> <span class='ocrx_word' id='word_1_155' title='bbox 275 1276 285 1291; x_wconf 87' lang='lat'>‚</span> <span class='ocrx_word' id='word_1_156' title='bbox 319 1249 474 1289; x_wconf 90' lang='lat' dir='ltr'>aliudve</span> <span class='ocrx_word' id='word_1_157' title='bbox 491 1250 598 1289; x_wconf 86' lang='lat' dir='ltr'>Sidus</span> <span class='ocrx_word' id='word_1_158' title='bbox 615 1279 624 1293; x_wconf 91' lang='lat'><em>‚</em></span> <span class='ocrx_word' id='word_1_159' title='bbox 642 1252 685 1289; x_wconf 86' lang='lat'>&amp;</span> <span class='ocrx_word' id='word_1_160' title='bbox 709 1250 785 1289; x_wconf 87' lang='lat' dir='ltr'>alia</span> <span class='ocrx_word' id='word_1_161' title='bbox 814 1249 855 1288; x_wconf 92' lang='lat' dir='ltr'>id</span> <span class='ocrx_word' id='word_1_162' title='bbox 886 1261 1028 1301; x_wconf 86' lang='lat' dir='ltr'>genus.</span> <span class='ocrx_word' id='word_1_163' title='bbox 1055 1248 1126 1285; x_wconf 87' lang='lat' dir='ltr'>Per</span> <span class='ocrx_word' id='word_1_164' title='bbox 1159 1246 1325 1286; x_wconf 85' lang='lat' dir='ltr'>marinas</span> <span class='ocrx_word' id='word_1_165' title='bbox 1357 1248 1459 1287; x_wconf 88' lang='lat' dir='ltr'>enim</span> <span class='ocrx_word' id='word_1_166' title='bbox 1489 1249 1577 1288; x_wconf 89' lang='lat' dir='ltr'>No-</span> 
     </span>
     <span class='ocr_line' id='line_1_20' title="bbox 128 1301 1579 1358; baseline -0.001 -12"><span class='ocrx_word' id='word_1_167' title='bbox 128 1307 296 1346; x_wconf 82' lang='lat' dir='ltr'>tationes</span> <span class='ocrx_word' id='word_1_168' title='bbox 320 1303 453 1346; x_wconf 83' lang='lat' dir='ltr'>Claffis</span> <span class='ocrx_word' id='word_1_169' title='bbox 477 1305 723 1348; x_wconf 69' lang='lat' dir='ltr'>Praefectus,</span> <span class='ocrx_word' id='word_1_170' title='bbox 765 1305 810 1344; x_wconf 85' lang='lat'>&amp;</span> <span class='ocrx_word' id='word_1_171' title='bbox 843 1305 1017 1344; x_wconf 87' lang='lat' dir='ltr'>Navium</span> <span class='ocrx_word' id='word_1_172' title='bbox 1047 1301 1301 1343; x_wconf 85' lang='lat' dir='ltr'>Gubernator</span> <span class='ocrx_word' id='word_1_173' title='bbox 1341 1305 1579 1358; x_wconf 86' lang='lat' dir='ltr'>quicumque</span> 
     </span>
     <span class='ocr_line' id='line_1_21' title="bbox 125 1358 1577 1417; baseline 0.001 -16"><span class='ocrx_word' id='word_1_174' title='bbox 125 1361 226 1402; x_wconf 77' lang='lat' dir='ltr'>noffe</span> <span class='ocrx_word' id='word_1_175' title='bbox 250 1372 438 1417; x_wconf 89' lang='lat' dir='ltr'>poterunt</span> <span class='ocrx_word' id='word_1_176' title='bbox 464 1376 544 1416; x_wconf 90' lang='lat' dir='ltr'>quo</span> <span class='ocrx_word' id='word_1_177' title='bbox 579 1372 757 1415; x_wconf 90' lang='lat' dir='ltr'>tempore</span> <span class='ocrx_word' id='word_1_178' title='bbox 787 1359 1030 1414; x_wconf 87' lang='lat' dir='ltr'>compellant</span> <span class='ocrx_word' id='word_1_179' title='bbox 1060 1368 1148 1399; x_wconf 91' lang='lat' dir='ltr'>tuto</span> <span class='ocrx_word' id='word_1_180' title='bbox 1179 1361 1308 1399; x_wconf 85' lang='lat' dir='ltr'>naveis</span> <span class='ocrx_word' id='word_1_181' title='bbox 1324 1358 1404 1399; x_wconf 88' lang='lat' dir='ltr'>suas</span> <span class='ocrx_word' id='word_1_182' title='bbox 1422 1362 1459 1399; x_wconf 89' lang='lat' dir='ltr'>in</span> <span class='ocrx_word' id='word_1_183' title='bbox 1483 1376 1577 1416; x_wconf 88' lang='lat' dir='ltr'>por·</span> 
     </span>
     <span class='ocr_line' id='line_1_22' title="bbox 121 1413 1575 1471; baseline -0.001 -12"><span class='ocrx_word' id='word_1_184' title='bbox 121 1429 210 1459; x_wconf 72' lang='lat' dir='ltr'>vtum</span> <span class='ocrx_word' id='word_1_185' title='bbox 229 1445 240 1461; x_wconf 82' lang='grc'>,</span> <span class='ocrx_word' id='word_1_186' title='bbox 271 1433 319 1459; x_wconf 91' lang='lat' dir='ltr'>ne</span> <span class='ocrx_word' id='word_1_187' title='bbox 335 1416 504 1459; x_wconf 85' lang='lat' dir='ltr'>secundis</span> <span class='ocrx_word' id='word_1_188' title='bbox 528 1420 650 1459; x_wconf 90' lang='lat' dir='ltr'>ventis</span> <span class='ocrx_word' id='word_1_189' title='bbox 680 1418 840 1471; x_wconf 90' lang='lat' dir='ltr'>quidem</span> <span class='ocrx_word' id='word_1_190' title='bbox 856 1444 867 1459; x_wconf 88' lang='lat'>‚</span> <span class='ocrx_word' id='word_1_191' title='bbox 898 1415 960 1458; x_wconf 85' lang='lat' dir='ltr'>sed</span> <span class='ocrx_word' id='word_1_192' title='bbox 978 1413 1139 1457; x_wconf 89' lang='lat' dir='ltr'>adverso</span> <span class='ocrx_word' id='word_1_193' title='bbox 1168 1417 1285 1456; x_wconf 83' lang='lat' dir='ltr'>maris</span> <span class='ocrx_word' id='word_1_194' title='bbox 1305 1416 1416 1458; x_wconf 74' lang='lat' dir='ltr'>,aestu</span> <span class='ocrx_word' id='word_1_195' title='bbox 1443 1418 1482 1456; x_wconf 88' lang='lat' dir='ltr'>in</span> <span class='ocrx_word' id='word_1_196' title='bbox 1512 1416 1575 1459; x_wconf 84' lang='lat' dir='ltr'>fic-</span> 
     </span>
     <span class='ocr_line' id='line_1_23' title="bbox 124 1473 1581 1529; baseline 0.001 -15"><span class='ocrx_word' id='word_1_197' title='bbox 124 1488 175 1514; x_wconf 91' lang='lat' dir='ltr'>co</span> <span class='ocrx_word' id='word_1_198' title='bbox 203 1474 389 1515; x_wconf 87' lang='lat' dir='ltr'>haereant</span> <span class='ocrx_word' id='word_1_199' title='bbox 418 1473 833 1529; x_wconf 86' lang='lat' dir='ltr'>naves&amp;frangantur</span> <span class='ocrx_word' id='word_1_200' title='bbox 850 1483 1269 1528; x_wconf 65' lang='lat' dir='ltr'>antequamoptatum</span> <span class='ocrx_word' id='word_1_201' title='bbox 1281 1484 1445 1528; x_wconf 79' lang='lat' dir='ltr'>portum</span> <span class='ocrx_word' id='word_1_202' title='bbox 1474 1504 1485 1519; x_wconf 89' lang='lat'>,</span> <span class='ocrx_word' id='word_1_203' title='bbox 1520 1475 1581 1515; x_wconf 90' lang='lat' dir='ltr'>vel</span> 
     </span>
     <span class='ocr_line' id='line_1_24' title="bbox 125 1528 1581 1583; baseline 0.003 -15"><span class='ocrx_word' id='word_1_204' title='bbox 125 1529 263 1569; x_wconf 88' lang='lat' dir='ltr'>insulas</span> <span class='ocrx_word' id='word_1_205' title='bbox 295 1533 454 1583; x_wconf 88' lang='lat' dir='ltr'>capiant</span> <span class='ocrx_word' id='word_1_206' title='bbox 480 1561 487 1567; x_wconf 92' lang='lat'><em>.</em></span> <span class='ocrx_word' id='word_1_207' title='bbox 519 1533 621 1568; x_wconf 89' lang='lat' dir='ltr'>Item</span> <span class='ocrx_word' id='word_1_208' title='bbox 632 1530 794 1570; x_wconf 75' lang='lat' dir='ltr'>‚noscere</span> <span class='ocrx_word' id='word_1_209' title='bbox 805 1528 1001 1582; x_wconf 76' lang='lat' dir='ltr'>poterunt</span> <span class='ocrx_word' id='word_1_210' title='bbox 1015 1544 1096 1582; x_wconf 89' lang='lat' dir='ltr'>quo</span> <span class='ocrx_word' id='word_1_211' title='bbox 1126 1529 1306 1581; x_wconf 85' lang='lat' dir='ltr'>tempore</span> <span class='ocrx_word' id='word_1_212' title='bbox 1336 1544 1452 1570; x_wconf 88' lang='lat' dir='ltr'>naves</span> <span class='ocrx_word' id='word_1_213' title='bbox 1476 1547 1499 1570; x_wconf 87' lang='lat' dir='ltr'>a</span> <span class='ocrx_word' id='word_1_214' title='bbox 1517 1546 1581 1572; x_wconf 84' lang='lat' dir='ltr'>va-</span> 
     </span>
     <span class='ocr_line' id='line_1_25' title="bbox 127 1582 1578 1640; baseline 0.001 -15"><span class='ocrx_word' id='word_1_215' title='bbox 127 1585 183 1625; x_wconf 82' lang='lat' dir='ltr'>dis</span> <span class='ocrx_word' id='word_1_216' title='bbox 199 1582 272 1623; x_wconf 86' lang='lat' dir='ltr'>fint</span> <span class='ocrx_word' id='word_1_217' title='bbox 299 1585 549 1627; x_wconf 82' lang='lat' dir='ltr'>abducendae</span> <span class='ocrx_word' id='word_1_218' title='bbox 565 1612 576 1627; x_wconf 91' lang='lat'><em>‚</em></span> <span class='ocrx_word' id='word_1_219' title='bbox 594 1598 642 1624; x_wconf 91' lang='lat' dir='ltr'>ne</span> <span class='ocrx_word' id='word_1_220' title='bbox 658 1585 856 1623; x_wconf 90' lang='lat' dir='ltr'>minuente</span> <span class='ocrx_word' id='word_1_221' title='bbox 872 1582 990 1623; x_wconf 88' lang='lat' dir='ltr'>Aestu</span> <span class='ocrx_word' id='word_1_222' title='bbox 1007 1582 1328 1625; x_wconf 64' lang='lat' dir='ltr'>ibiaffiidtentur</span> <span class='ocrx_word' id='word_1_223' title='bbox 1340 1588 1386 1626; x_wconf 66' lang='grc' dir='ltr'>δι</span> <span class='ocrx_word' id='word_1_224' title='bbox 1402 1599 1578 1640; x_wconf 87' lang='lat' dir='ltr'>pereant,</span> 
     </span>
     <span class='ocr_line' id='line_1_26' title="bbox 129 1638 1578 1694; baseline 0.001 -14"><span class='ocrx_word' id='word_1_225' title='bbox 129 1650 173 1680; x_wconf 91' lang='lat' dir='ltr'>ut</span> <span class='ocrx_word' id='word_1_226' title='bbox 201 1642 415 1681; x_wconf 81' lang='lat' dir='ltr'>&#39;innumeris</span> <span class='ocrx_word' id='word_1_227' title='bbox 445 1642 617 1694; x_wconf 87' lang='lat' dir='ltr'>contigit</span> <span class='ocrx_word' id='word_1_228' title='bbox 640 1653 754 1679; x_wconf 88' lang='lat' dir='ltr'>antea</span> <span class='ocrx_word' id='word_1_229' title='bbox 781 1640 824 1677; x_wconf 85' lang='lat'>&amp;</span> <span class='ocrx_word' id='word_1_230' title='bbox 854 1641 1064 1692; x_wconf 87' lang='lat' dir='ltr'>continget</span> <span class='ocrx_word' id='word_1_231' title='bbox 1096 1638 1222 1679; x_wconf 87' lang='lat' dir='ltr'>rursus</span> <span class='ocrx_word' id='word_1_232' title='bbox 1239 1667 1249 1681; x_wconf 94' lang='lat'>,</span> <span class='ocrx_word' id='word_1_233' title='bbox 1281 1642 1319 1680; x_wconf 91' lang='lat' dir='ltr'>ni</span> <span class='ocrx_word' id='word_1_234' title='bbox 1344 1638 1400 1681; x_wconf 65' lang='lat' dir='ltr'>‚ad</span> <span class='ocrx_word' id='word_1_235' title='bbox 1417 1643 1578 1683; x_wconf 86' lang='lat' dir='ltr'>Aestum</span> 
     </span>
     <span class='ocr_line' id='line_1_27' title="bbox 130 1693 1582 1748; baseline 0.001 -12"><span class='ocrx_word' id='word_1_236' title='bbox 130 1698 324 1736; x_wconf 88' lang='lat' dir='ltr'>marinum</span> <span class='ocrx_word' id='word_1_237' title='bbox 354 1695 561 1748; x_wconf 87' lang='lat' dir='ltr'>diligenter</span> <span class='ocrx_word' id='word_1_238' title='bbox 590 1695 841 1736; x_wconf 86' lang='lat' dir='ltr'>attendatur.</span> <span class='ocrx_word' id='word_1_239' title='bbox 871 1694 936 1734; x_wconf 85' lang='lat' dir='ltr'>Ad.</span> <span class='ocrx_word' id='word_1_240' title='bbox 954 1693 1079 1747; x_wconf 89' lang='lat' dir='ltr'>ipsum</span> <span class='ocrx_word' id='word_1_241' title='bbox 1095 1704 1201 1734; x_wconf 89' lang='lat' dir='ltr'>certe</span> <span class='ocrx_word' id='word_1_242' title='bbox 1217 1695 1423 1748; x_wconf 85' lang='lat' dir='ltr'>diligenter</span> <span class='ocrx_word' id='word_1_243' title='bbox 1453 1710 1582 1739; x_wconf 81' lang='lat' dir='ltr'>atten-</span> 
     </span>
     <span class='ocr_line' id='line_1_28' title="bbox 129 1749 1581 1805; baseline 0.001 -12"><span class='ocrx_word' id='word_1_244' title='bbox 129 1753 246 1793; x_wconf 87' lang='lat' dir='ltr'>debat</span> <span class='ocrx_word' id='word_1_245' title='bbox 276 1752 321 1790; x_wconf 89' lang='lat' dir='ltr'>C.</span> <span class='ocrx_word' id='word_1_246' title='bbox 345 1751 466 1803; x_wconf 90' lang='lat' dir='ltr'>Julius</span> <span class='ocrx_word' id='word_1_247' title='bbox 495 1749 635 1791; x_wconf 89' lang='lat' dir='ltr'>Caesar</span> <span class='ocrx_word' id='word_1_248' title='bbox 666 1752 913 1805; x_wconf 87' lang='lat' dir='ltr'>Imperator,</span> <span class='ocrx_word' id='word_1_249' title='bbox 943 1752 1010 1805; x_wconf 88' lang='lat' dir='ltr'>qui</span> <span class='ocrx_word' id='word_1_250' title='bbox 1040 1752 1081 1790; x_wconf 90' lang='lat' dir='ltr'>in</span> <span class='ocrx_word' id='word_1_251' title='bbox 1110 1750 1364 1805; x_wconf 81' lang='lat' dir='ltr'>expeditione</span> <span class='ocrx_word' id='word_1_252' title='bbox 1388 1755 1581 1795; x_wconf 87' lang='lat' dir='ltr'>Britanni-</span> 
     </span>
     <span class='ocr_line' id='line_1_29' title="bbox 131 1805 1576 1860; baseline 0.001 -11"><span class='ocrx_word' id='word_1_253' title='bbox 131 1823 177 1849; x_wconf 79' lang='lat' dir='ltr'>ca</span> <span class='ocrx_word' id='word_1_254' title='bbox 192 1807 308 1848; x_wconf 90' lang='lat' dir='ltr'>solvit</span> <span class='ocrx_word' id='word_1_255' title='bbox 324 1808 367 1844; x_wconf 86' lang='lat'>&amp;</span> <span class='ocrx_word' id='word_1_256' title='bbox 383 1808 556 1846; x_wconf 83' lang='lat' dir='ltr'>Ventum</span> <span class='ocrx_word' id='word_1_257' title='bbox 575 1808 618 1845; x_wconf 65' lang='grc' dir='ltr'>ὃς</span> <span class='ocrx_word' id='word_1_258' title='bbox 634 1805 794 1844; x_wconf 88' lang='lat' dir='ltr'>Aestum</span> <span class='ocrx_word' id='word_1_259' title='bbox 818 1819 900 1844; x_wconf 90' lang='lat' dir='ltr'>uno</span> <span class='ocrx_word' id='word_1_260' title='bbox 917 1815 1095 1859; x_wconf 88' lang='lat' dir='ltr'>ternpore</span> <span class='ocrx_word' id='word_1_261' title='bbox 1118 1808 1254 1845; x_wconf 67' lang='lat' dir='ltr'>naetus</span> <span class='ocrx_word' id='word_1_262' title='bbox 1281 1807 1490 1850; x_wconf 85' lang='lat' dir='ltr'>secundum</span> <span class='ocrx_word' id='word_1_263' title='bbox 1508 1812 1576 1860; x_wconf 88' lang='lat' dir='ltr'>(b),</span> 
     </span>
     <span class='ocr_line' id='line_1_30' title="bbox 127 1861 1580 1918; baseline 0.002 -14"><span class='ocrx_word' id='word_1_264' title='bbox 127 1875 173 1904; x_wconf 89' lang='lat' dir='ltr'>ut</span> <span class='ocrx_word' id='word_1_265' title='bbox 194 1861 270 1918; x_wconf 88' lang='lat' dir='ltr'>ipse</span> <span class='ocrx_word' id='word_1_266' title='bbox 296 1861 473 1914; x_wconf 58' lang='lat' dir='ltr'>⁴loquitur</span> <span class='ocrx_word' id='word_1_267' title='bbox 489 1865 540 1909; x_wconf 90' lang='lat' dir='ltr'>(c)</span> <span class='ocrx_word' id='word_1_268' title='bbox 556 1892 566 1906; x_wconf 93' lang='lat'>‚</span> <span class='ocrx_word' id='word_1_269' title='bbox 592 1863 869 1915; x_wconf 85' lang='lat' dir='ltr'>cognovitque</span> <span class='ocrx_word' id='word_1_270' title='bbox 884 1863 1034 1901; x_wconf 88' lang='lat' dir='ltr'>Lunam</span> <span class='ocrx_word' id='word_1_271' title='bbox 1051 1861 1207 1916; x_wconf 88' lang='lat' dir='ltr'>plenam</span> <span class='ocrx_word' id='word_1_272' title='bbox 1224 1865 1442 1904; x_wconf 88' lang='lat' dir='ltr'>maritimos</span> <span class='ocrx_word' id='word_1_273' title='bbox 1458 1866 1580 1907; x_wconf 85' lang='lat' dir='ltr'>aestus</span> 
     </span>
     <span class='ocr_line' id='line_1_31' title="bbox 128 1915 1578 1973; baseline 0.003 -13"><span class='ocrx_word' id='word_1_274' title='bbox 128 1920 322 1961; x_wconf 82' lang='lat' dir='ltr'>maximos</span> <span class='ocrx_word' id='word_1_275' title='bbox 350 1918 390 1956; x_wconf 89' lang='lat' dir='ltr'>in</span> <span class='ocrx_word' id='word_1_276' title='bbox 414 1918 577 1957; x_wconf 89' lang='lat' dir='ltr'>Oceano</span> <span class='ocrx_word' id='word_1_277' title='bbox 609 1915 761 1957; x_wconf 88' lang='lat' dir='ltr'>efficere</span> <span class='ocrx_word' id='word_1_278' title='bbox 790 1915 1021 1959; x_wconf 76' lang='lat' dir='ltr'>consuevisse</span> <span class='ocrx_word' id='word_1_279' title='bbox 1039 1945 1050 1961; x_wconf 90' lang='lat'><em>‚</em></span> <span class='ocrx_word' id='word_1_280' title='bbox 1080 1927 1198 1973; x_wconf 89' lang='lat' dir='ltr'>atque</span> <span class='ocrx_word' id='word_1_281' title='bbox 1229 1930 1395 1973; x_wconf 88' lang='lat' dir='ltr'>propter</span> <span class='ocrx_word' id='word_1_282' title='bbox 1425 1923 1578 1964; x_wconf 84' lang='lat' dir='ltr'>crebras</span> 
     </span>
     <span class='ocr_line' id='line_1_32' title="bbox 129 1971 1579 2032; baseline -0.001 -16"><span class='ocrx_word' id='word_1_283' title='bbox 129 1974 454 2016; x_wconf 84' lang='lat' dir='ltr'>commutationes</span> <span class='ocrx_word' id='word_1_284' title='bbox 470 1972 655 2014; x_wconf 84' lang='lat' dir='ltr'>Aestuum</span> <span class='ocrx_word' id='word_1_285' title='bbox 684 1988 845 2028; x_wconf 82' lang='lat' dir='ltr'>magnos</span> <span class='ocrx_word' id='word_1_286' title='bbox 871 1972 1013 2016; x_wconf 62' lang='lat' dir='ltr'>fluetus</span> <span class='ocrx_word' id='word_1_287' title='bbox 1029 1971 1112 2014; x_wconf 86' lang='lat' dir='ltr'>fieri</span> <span class='ocrx_word' id='word_1_288' title='bbox 1128 2006 1136 2014; x_wconf 87' lang='lat'><strong>.</strong></span> <span class='ocrx_word' id='word_1_289' title='bbox 1167 1976 1347 2029; x_wconf 89' lang='lat' dir='ltr'>Denique</span> <span class='ocrx_word' id='word_1_290' title='bbox 1377 1992 1521 2032; x_wconf 84' lang='lat' dir='ltr'>magno</span> <span class='ocrx_word' id='word_1_291' title='bbox 1537 1980 1579 2020; x_wconf 88' lang='lat' dir='ltr'>il-</span> 
     </span>
     <span class='ocr_line' id='line_1_33' title="bbox 128 2032 1578 2090; baseline 0.003 -18"><span class='ocrx_word' id='word_1_292' title='bbox 128 2033 158 2072; x_wconf 86' lang='lat' dir='ltr'>li</span> <span class='ocrx_word' id='word_1_293' title='bbox 173 2032 409 2086; x_wconf 88' lang='lat' dir='ltr'>Imperatori</span> <span class='ocrx_word' id='word_1_294' title='bbox 439 2032 621 2086; x_wconf 85' lang='lat' dir='ltr'>ignotum</span> <span class='ocrx_word' id='word_1_295' title='bbox 651 2043 733 2070; x_wconf 91' lang='lat' dir='ltr'>non</span> <span class='ocrx_word' id='word_1_296' title='bbox 759 2041 843 2070; x_wconf 90' lang='lat' dir='ltr'>erat</span> <span class='ocrx_word' id='word_1_297' title='bbox 854 2032 1112 2086; x_wconf 17' lang='lat' dir='ltr'>*Aequinocstii</span> <span class='ocrx_word' id='word_1_298' title='bbox 1143 2042 1321 2086; x_wconf 90' lang='lat' dir='ltr'>tempore</span> <span class='ocrx_word' id='word_1_299' title='bbox 1337 2035 1393 2082; x_wconf 88' lang='lat' dir='ltr'>(d)</span> <span class='ocrx_word' id='word_1_300' title='bbox 1412 2047 1578 2090; x_wconf 89' lang='lat' dir='ltr'>propter</span> 
     </span>
     <span class='ocr_line' id='line_1_34' title="bbox 130 2085 1577 2142; baseline 0.003 -14"><span class='ocrx_word' id='word_1_301' title='bbox 130 2091 296 2141; x_wconf 89' lang='lat' dir='ltr'>majores</span> <span class='ocrx_word' id='word_1_302' title='bbox 326 2085 460 2128; x_wconf 89' lang='lat' dir='ltr'>Aestus</span> <span class='ocrx_word' id='word_1_303' title='bbox 489 2085 650 2127; x_wconf 84' lang='lat' dir='ltr'>infirmis</span> <span class='ocrx_word' id='word_1_304' title='bbox 680 2087 858 2128; x_wconf 88' lang='lat' dir='ltr'>Navibus</span> <span class='ocrx_word' id='word_1_305' title='bbox 883 2089 1181 2142; x_wconf 17' lang='lat' dir='ltr'>*navigationem</span> <span class='ocrx_word' id='word_1_306' title='bbox 1220 2087 1456 2130; x_wconf 80' lang='lat' dir='ltr'>subeundam</span> <span class='ocrx_word' id='word_1_307' title='bbox 1497 2107 1577 2134; x_wconf 88' lang='lat' dir='ltr'>non</span> 
     </span>
     <span class='ocr_line' id='line_1_35' title="bbox 132 2143 1582 2199; baseline 0.001 -14"><span class='ocrx_word' id='word_1_308' title='bbox 132 2144 202 2185; x_wconf 84' lang='lat' dir='ltr'>effe</span> <span class='ocrx_word' id='word_1_309' title='bbox 221 2175 230 2189; x_wconf 88' lang='lat'><strong>,</strong></span> <span class='ocrx_word' id='word_1_310' title='bbox 261 2144 352 2185; x_wconf 92' lang='lat' dir='ltr'>ideo</span> <span class='ocrx_word' id='word_1_311' title='bbox 368 2156 460 2185; x_wconf 90' lang='lat' dir='ltr'>ante</span> <span class='ocrx_word' id='word_1_312' title='bbox 490 2143 567 2184; x_wconf 88' lang='lat' dir='ltr'>hoc</span> <span class='ocrx_word' id='word_1_313' title='bbox 586 2154 738 2199; x_wconf 90' lang='lat' dir='ltr'>tempus</span> <span class='ocrx_word' id='word_1_314' title='bbox 771 2158 820 2185; x_wconf 85' lang='lat' dir='ltr'>ex</span> <span class='ocrx_word' id='word_1_315' title='bbox 833 2156 959 2199; x_wconf 39' lang='lat' dir='ltr'>*portu</span> <span class='ocrx_word' id='word_1_316' title='bbox 974 2143 1091 2187; x_wconf 86' lang='lat' dir='ltr'>solvit</span> <span class='ocrx_word' id='word_1_317' title='bbox 1107 2175 1117 2190; x_wconf 92' lang='lat'>‚</span> <span class='ocrx_word' id='word_1_318' title='bbox 1134 2146 1177 2185; x_wconf 84' lang='lat'>&amp;</span> <span class='ocrx_word' id='word_1_319' title='bbox 1193 2147 1325 2188; x_wconf 86' lang='lat' dir='ltr'>naveis</span> <span class='ocrx_word' id='word_1_320' title='bbox 1353 2150 1503 2189; x_wconf 88' lang='lat' dir='ltr'>omneis</span> <span class='ocrx_word' id='word_1_321' title='bbox 1524 2151 1582 2190; x_wconf 87' lang='lat' dir='ltr'>in..</span> 
     </span>
     <span class='ocr_line' id='line_1_36' title="bbox 133 2201 1577 2257; baseline 0.003 -15"><span class='ocrx_word' id='word_1_322' title='bbox 133 2201 320 2242; x_wconf 89' lang='lat' dir='ltr'>columeis</span> <span class='ocrx_word' id='word_1_323' title='bbox 350 2204 392 2241; x_wconf 89' lang='lat' dir='ltr'>in</span> <span class='ocrx_word' id='word_1_324' title='bbox 422 2201 593 2242; x_wconf 86' lang='lat' dir='ltr'>Galliam</span> <span class='ocrx_word' id='word_1_325' title='bbox 624 2201 810 2256; x_wconf 85' lang='lat' dir='ltr'>perduxit</span> <span class='ocrx_word' id='word_1_326' title='bbox 842 2229 849 2237; x_wconf 87' lang='lat'><strong>·</strong></span> <span class='ocrx_word' id='word_1_327' title='bbox 880 2202 982 2243; x_wconf 88' lang='lat' dir='ltr'>Item</span> <span class='ocrx_word' id='word_1_328' title='bbox 1008 2217 1080 2257; x_wconf 86' lang='lat' dir='ltr'>per</span> <span class='ocrx_word' id='word_1_329' title='bbox 1109 2202 1279 2244; x_wconf 67' lang='lat' dir='ltr'>Mai-inas</span> <span class='ocrx_word' id='word_1_330' title='bbox 1310 2206 1577 2250; x_wconf 84' lang='lat' dir='ltr'>Notationes‚</span> 
     </span>
    </p>
   </div>
   <div class='ocr_carea' id='block_1_3' title="bbox 134 2257 1580 2360">
    <p class='ocr_par' dir='ltr' id='par_1_3' title="bbox 134 2257 1580 2360">
     <span class='ocr_line' id='line_1_37' title="bbox 134 2257 1579 2316; baseline 0.004 -18"><span class='ocrx_word' id='word_1_331' title='bbox 134 2257 241 2312; x_wconf 90' lang='lat' dir='ltr'>quod</span> <span class='ocrx_word' id='word_1_332' title='bbox 266 2272 323 2298; x_wconf 89' lang='lat' dir='ltr'>res</span> <span class='ocrx_word' id='word_1_333' title='bbox 341 2257 486 2300; x_wconf 87' lang='lat' dir='ltr'>nostras</span> <span class='ocrx_word' id='word_1_334' title='bbox 504 2260 665 2315; x_wconf 86' lang='lat' dir='ltr'>propius</span> <span class='ocrx_word' id='word_1_335' title='bbox 685 2259 845 2313; x_wconf 87' lang='lat' dir='ltr'>attingit</span> <span class='ocrx_word' id='word_1_336' title='bbox 858 2288 870 2305; x_wconf 89' lang='lat'>‚</span> <span class='ocrx_word' id='word_1_337' title='bbox 883 2260 1034 2301; x_wconf 77' lang='lat' dir='ltr'>Vecstor</span> <span class='ocrx_word' id='word_1_338' title='bbox 1049 2262 1092 2301; x_wconf 66' lang='grc' dir='ltr'>ὃς</span> <span class='ocrx_word' id='word_1_339' title='bbox 1108 2259 1203 2301; x_wconf 83' lang='lat' dir='ltr'>alius</span> <span class='ocrx_word' id='word_1_340' title='bbox 1229 2262 1466 2316; x_wconf 87' lang='lat' dir='ltr'>quicumque</span> <span class='ocrx_word' id='word_1_341' title='bbox 1482 2262 1579 2304; x_wconf 87' lang='lat' dir='ltr'>Ter-</span> 
     </span>
     <span class='ocr_line' id='line_1_38' title="bbox 1537 2334 1580 2360; baseline 0.023 -1"><span class='ocrx_word' id='word_1_342' title='bbox 1537 2334 1580 2360; x_wconf 87' lang='lat' dir='ltr'>ra</span> 
     </span>
    </p>
   </div>
   <div class='ocr_carea' id='block_1_4' title="bbox 170 2437 1208 2479">
    <p class='ocr_par' dir='ltr' id='par_1_4' title="bbox 170 2437 1208 2479">
     <span class='ocr_line' id='line_1_39' title="bbox 170 2437 1208 2479; baseline 0.01 -14"><span class='ocrx_word' id='word_1_343' title='bbox 170 2439 210 2470; x_wconf 80' lang='lat' dir='ltr'>(a)</span> <span class='ocrx_word' id='word_1_344' title='bbox 230 2437 372 2467; x_wconf 69' lang='lat' dir='ltr'>Blanclzin.</span> <span class='ocrx_word' id='word_1_345' title='bbox 387 2439 497 2475; x_wconf 63' lang='lat' dir='ltr'>Obstru.</span> <span class='ocrx_word' id='word_1_346' title='bbox 509 2440 664 2477; x_wconf 80' lang='lat' dir='ltr'>Astronom.</span> <span class='ocrx_word' id='word_1_347' title='bbox 686 2440 712 2470; x_wconf 64' lang='grc' dir='ltr'><strong><em>ἃ</em></strong></span> <span class='ocrx_word' id='word_1_348' title='bbox 728 2439 877 2479; x_wconf 75' lang='lat' dir='ltr'>Geograplz.</span> <span class='ocrx_word' id='word_1_349' title='bbox 895 2443 995 2472; x_wconf 81' lang='lat' dir='ltr'>Veron.</span> <span class='ocrx_word' id='word_1_350' title='bbox 1017 2451 1091 2475; x_wconf 75' lang='lat'><em>1737.</em></span> <span class='ocrx_word' id='word_1_351' title='bbox 1108 2451 1135 2474; x_wconf 75' lang='lat' dir='ltr'>t&gt;-</span> <span class='ocrx_word' id='word_1_352' title='bbox 1149 2449 1208 2474; x_wconf 78' lang='lat'>237.</span> 
     </span>
    </p>
   </div>
   <div class='ocr_carea' id='block_1_5' title="bbox 167 2472 1242 2544">
    <p class='ocr_par' dir='ltr' id='par_1_5' title="bbox 167 2472 1242 2544">
     <span class='ocr_line' id='line_1_40' title="bbox 169 2472 1242 2513; baseline 0.011 -14"><span class='ocrx_word' id='word_1_353' title='bbox 169 2473 210 2505; x_wconf 86' lang='lat' dir='ltr'>(b)</span> <span class='ocrx_word' id='word_1_354' title='bbox 231 2472 304 2507; x_wconf 72' lang='lat' dir='ltr'>Caefi</span> <span class='ocrx_word' id='word_1_355' title='bbox 317 2475 414 2501; x_wconf 76' lang='lat' dir='ltr'>comm.</span> <span class='ocrx_word' id='word_1_356' title='bbox 432 2476 462 2513; x_wconf 63' lang='lat' dir='ltr'>de</span> <span class='ocrx_word' id='word_1_357' title='bbox 483 2474 557 2504; x_wconf 85' lang='lat' dir='ltr'>Bell.</span> <span class='ocrx_word' id='word_1_358' title='bbox 577 2477 653 2505; x_wconf 77' lang='lat' dir='ltr'>Gall.</span> <span class='ocrx_word' id='word_1_359' title='bbox 673 2478 693 2505; x_wconf 73' lang='lat' dir='ltr'>l,</span> <span class='ocrx_word' id='word_1_360' title='bbox 706 2487 729 2509; x_wconf 85' lang='lat'>4.</span> <span class='ocrx_word' id='word_1_361' title='bbox 745 2488 769 2511; x_wconf 86' lang='lat' dir='ltr'>p.</span> <span class='ocrx_word' id='word_1_362' title='bbox 785 2488 826 2511; x_wconf 76' lang='lat'>97-</span> <span class='ocrx_word' id='word_1_363' title='bbox 1000 2478 1038 2508; x_wconf 82' lang='lat' dir='ltr'>(c)</span> <span class='ocrx_word' id='word_1_364' title='bbox 1057 2477 1126 2505; x_wconf 75' lang='lat' dir='ltr'>Ibid.</span> <span class='ocrx_word' id='word_1_365' title='bbox 1144 2486 1170 2510; x_wconf 76' lang='lat'>1&gt;-</span> <span class='ocrx_word' id='word_1_366' title='bbox 1186 2485 1242 2504; x_wconf 81' lang='lat'>¹00·</span> 
     </span>
     <span class='ocr_line' id='line_1_41' title="bbox 167 2507 519 2544; baseline 0.011 -9"><span class='ocrx_word' id='word_1_367' title='bbox 167 2507 207 2538; x_wconf 82' lang='lat' dir='ltr'>(d)</span> <span class='ocrx_word' id='word_1_368' title='bbox 228 2507 296 2544; x_wconf 72' lang='lat' dir='ltr'>Pag.</span> <span class='ocrx_word' id='word_1_369' title='bbox 312 2517 369 2542; x_wconf 78' lang='lat'>104.</span> <span class='ocrx_word' id='word_1_370' title='bbox 387 2507 411 2537; x_wconf 65' lang='lat' dir='ltr'>G*</span> <span class='ocrx_word' id='word_1_371' title='bbox 431 2509 478 2537; x_wconf 72' lang='lat' dir='ltr'>lib.</span> <span class='ocrx_word' id='word_1_372' title='bbox 493 2519 519 2539; x_wconf 88' lang='lat' dir='ltr'>v.</span> 
     </span>
    </p>
   </div>
  </div>
 </body>
</html>
