2145 2910
441 194 1284 240 AESTVSMARITIMI
1537 210 1587 249 75

142 285 298 329 saeculis
329 281 448 325 mersa
479 284 518 324 in
550 298 657 325 mare
683 285 789 336 jacet
813 285 909 331 (a),
935 291 981 321 ut
1013 282 1177 321 turrium
1208 280 1349 321 mersae
1377 281 1482 322 urbis
1510 296 1592 324 ver-

141 344 240 387 tices
271 343 310 382 in
339 353 480 394 magna
504 342 619 381 maris
651 338 936 393 tranquillitate
966 348 1179 393 appareant
1196 364 1206 380 ‚
1232 339 1294 377 uti
1323 336 1497 379 historici
1521 354 1593 380 no-

143 399 211 440 stri
241 408 464 440 memorant
494 397 562 446 (h)
593 404 608 436 ?
638 397 760 450 Qod
789 397 1004 435 maximum
1021 393 1074 435 est
1091 408 1254 449 magnae*
1282 393 1484 448 cujusdam
1500 396 1594 437 allu-

143 458 269 497 vionis
299 463 622 494 monumentum.
654 454 804 494 Tamen
834 467 939 493 mare
969 452 1023 492 ibi
1053 451 1221 492 multum
1249 449 1438 504 superiori
1467 451 1597 494 saecu-

146 511 187 552 lo
215 526 237 551 a
261 525 366 566 pago
395 506 628 551 Catholicae
646 538 657 554 ‚
689 511 756 564 qui
813 523 910 564 rope
937 506 1100 549 mersam
1114 509 1252 549 urbem
1273 506 1437 548 surrexit
1455 539 1466 554 ‚
1486 522 1598 550 rece-

147 568 267 609 debat
291 595 302 610 ,
332 577 377 607 ut
408 565 525 607 turris
556 566 747 621 quaedam
776 524 1037 620 speculatoria
1072 565 1128 604 ibi
1158 561 1334 605 adversus
1371 565 1515 617 piratas
1545 566 1595 606 ab

142 623 374 666 Alexandro
390 623 480 664 VII.
499 623 613 663 Pont-
633 624 740 663 Max.
758 623 807 662 ad
824 622 972 662 radices
986 622 1171 661 Focariae
1188 620 1457 675 promontorii
1475 647 1486 664 ‚
1517 618 1593 666 seu,

143 691 189 721 ut
217 681 337 722 hodie
362 689 533 722 vocant,
565 681 761 720 montium
790 676 1022 718 Catholicae
1053 675 1274 717 constructa
1291 690 1360 730 per
1377 676 1490 729 plura
1520 687 1596 718 ter-

141 749 274 777 rarum
306 738 441 790 jugera
464 767 474 782 ,
496 749 589 790 quas
620 746 792 776 aratores
825 734 1010 775 colebant
1040 762 1051 777 ‚
1083 732 1266 773 distaret.
1300 734 1446 772 Verum
1476 732 1596 775 hodie

142 806 250 832 mare
280 793 336 832 ibi
366 794 463 832 vires
489 804 722 846 recuperat,
752 803 798 832 ut
831 792 948 831 turris
974 790 1066 835 illa,
1096 791 1140 829 &
1169 790 1245 828 alia
1275 787 1437 828 inferior
1452 789 1501 829 ab
1515 793 1595 843 ejus

142 849 256 888 undis
272 849 551 887 concutiantur
567 875 578 890 ,
610 849 653 886 &
683 845 750 887 nifi
779 846 1039 900 provideatur
1056 873 1066 888 ‚
1099 845 1209 886 brevi
1227 844 1426 885 fortunam
1444 847 1598 886 vicinae

141 903 245 942 urbis
277 903 465 942 Conchae
493 901 567 942 sint
597 902 789 943 subiturae
815 932 821 938 -
856 904 990 954 Qare
1019 915 1068 942 ex
1094 901 1151 941 his
1181 902 1361 941 omnibus
1385 930 1395 946 ‚
1425 915 1524 955 quae
1555 904 1595 942 in

142 958 218 998 hoc
254 957 404 998 scholio
432 958 634 998 retulimus
652 989 661 1003 ,
691 970 858 1014 apparet
885 959 987 1000 Mari
1011 956 1142 998 nostro
1161 958 1392 999 Hadriatico
1409 956 1597 1011 passiones

142 1014 227 1054 illas
268 1012 511 1055 secundarias
542 1013 749 1055 fluminum
790 1016 1002 1056 convenire
1029 1043 1040 1058 ,
1072 1014 1189 1055 Alvei
1229 1014 1376 1055 scilicet
1408 1016 1599 1055 mutatio·

141 1085 232 1111 nem
255 1101 264 1115 ,
292 1069 426 1111 saltem
457 1072 496 1110 in
514 1083 625 1124 parte
641 1100 651 1115 ‚
684 1070 960 1113 Corrofionem
978 1100 987 1115 ‚
1019 1073 1060 1111 ὅ(
1078 1070 1334 1113 Alluvionem
1350 1098 1360 1114 ‚
1390 1073 1452 1111 uti
1481 1072 1599 1112 certis

143 1127 333 1180 exemplis
364 1126 776 1182 observationibusque
803 1129 1054 1182 probavimus
1073 1155 1081 1164 .

459 1237 921 1280 SCHOLlVM
979 1239 1295 1281 err1mvm.

243 1353 278 1393 X
309 1366 389 1406 quo
414 1351 524 1392 Mare
554 1351 727 1393 nostrum
756 1368 778 1394 a
806 1354 1108 1395 Continentibus
1138 1352 1268 1394 Terris
1310 1354 1459 1395 recedit
1484 1383 1495 1398 ,
1538 1354 1597 1392 uti

260 1409 308 1449 ab
337 1408 446 1449 Vrbe
476 1407 605 1449 nostra
623 1439 634 1455 ‚
665 1412 707 1450 &
737 1426 759 1450 a
784 1412 975 1451 Ravenna
1005 1424 1140 1451 revera
1169 1408 1321 1451 receffit
1352 1439 1362 1454 ‚
1393 1423 1598 1464 argumen-

148 1477 286 1508 tantur
328 1465 447 1519 aliqui
479 1465 579 1505 olim
606 1469 812 1507 cacumina
843 1468 1143 1522 Apenninorum
1176 1465 1333 1507 tenuisse
1360 1498 1370 1513 ‚
1402 1463 1601 1506 &sensim

147 1519 315 1563 labendo
341 1520 402 1560 seu
433 1520 652 1561 recedendo
676 1538 725 1562 eo
755 1522 945 1562 devenisse
963 1524 1031 1562 ubi
1046 1536 1149 1562 nunc
1171 1523 1249 1568 est,
1278 1524 1451 1563 tamdem
1476 1523 1516 1562 in
1542 1524 1600 1561 ni-

150 1577 276 1616 hilum
305 1573 368 1615 vel
399 1574 439 1613 in
466 1574 652 1615 Paludem
680 1576 851 1630 aliquam
880 1575 1089 1616 desiturum
1121 1604 1129 1613 ·
1156 1579 1218 1617 Ac
1251 1589 1463 1631 propterea
1493 1580 1602 1618 Con-

151 1632 283 1686 chylia
308 1629 375 1670 illa
406 1631 581 1675 marina,
610 1646 709 1684 quae
737 1629 873 1684 paffim
914 1632 954 1671 in
990 1634 1170 1674 omnibus
1198 1634 1400 1674 Montibus
1426 1636 1603 1688 Apenni-

153 1690 224 1730 ni,
259 1690 301 1727 &
332 1688 373 1725 in
402 1685 537 1725 nostris
562 1686 740 1726 Collibus
758 1717 768 1731 ‚
797 1688 863 1739 qui
891 1685 975 1727 sunt
991 1689 1070 1740 ejus
1097 1689 1347 1743 Appendices
1365 1719 1375 1733 ‚
1404 1691 1602 1742 reperiun-

154 1755 246 1788 tur,
275 1754 447 1796 quorum
479 1741 667 1781 nonnulla
698 1741 886 1797 superiori
915 1743 1036 1784 Libro
1064 1745 1368 1785 memoravimus
1385 1775 1395 1790 ,
1421 1760 1502 1784 non
1529 1744 1601 1785 effe

155 1814 213 1840 res
245 1798 471 1839 Diluvianas
488 1823 500 1841 ‚
528 1799 588 1836 uti
604 1798 806 1835 communi
829 1797 907 1836 fere
928 1800 1106 1837 omnium
1122 1802 1311 1840 Gentium
1337 1799 1518 1841 consensu
1546 1814 1603 1841 re-

154 1862 314 1908 ceptum
330 1852 382 1890 est
397 1878 408 1895 ‚
439 1852 482 1890 &
505 1863 629 1904 nuper
646 1850 798 1905 ‚diserte
814 1850 1000 1906 probavit
1014 1852 1309 1896 Woodwardus
1327 1883 1337 1899 ,
1368 1853 1428 1896 sed
1446 1858 1601 1897 exuvias

153 1909 223 1949 effe
253 1909 302 1948 ab
333 1905 415 1962 ipso
445 1908 543 1947 mari
572 1905 704 1947 nostro
733 1935 743 1950 ‚
772 1908 932 1962 quando
958 1909 1126 1949 monteis
1159 1908 1248 1950 illos
1279 1911 1449 1952 alluebat
1476 1941 1486 1957 ‚
1517 1912 1605 1953 reli-

155 1968 237 2006 d'tas
257 1992 265 2000 .
290 1960 413 2017 Qod
445 1963 493 2003 de
509 1961 711 2003 Montibus
742 1963 878 2004 nostris
909 1965 1046 2005 Italiae
1076 1966 1213 2006 dicunt
1234 1995 1244 2009 ‚
1276 1968 1316 2008 id
1333 1968 1381 2009 de
1400 1969 1602 2009 Montibus

156 2019 335 2062 universis
361 2021 476 2061 Orbis
502 2018 715 2061 Terrarum
731 2051 741 2066 ‚
772 2020 811 2060 in
826 2020 963 2075 quibus
992 2020 1089 2063 haec
1120 2034 1374 2066 monumenta
1403 2026 1606 2065 inveniun-

158 2088 234 2123 tur,
251 2076 401 2118 dicstum
415 2074 557 2119 volunt
578 2104 585 2113 ·
604 2076 714 2130 Qid
729 2077 847 2120 enirn,
864 2077 987 2130 ajunt,
1003 2094 1100 2134 opus
1116 2078 1179 2126 est,
1195 2090 1239 2121 ut
1253 2081 1492 2135 explicemus
1508 2095 1602 2134 quo-

158 2133 278 2174 modo
310 2135 481 2175 marinae
509 2133 696 2173 Conchae
712 2162 722 2176 ,
752 2135 796 2173 ὃς
811 2134 1000 2175 Vmbilici
1016 2136 1115 2176 varii
1131 2138 1168 2176 in
1186 2138 1390 2178 Montibus
1407 2140 1602 2191 reperian-

157 2200 221 2230 tur
238 2221 248 2236 ,
277 2199 456 2245 tempora
473 2188 667 2231 Noachici
682 2189 916 2246 Cataclysmi
943 2190 983 2231 in
1004 2191 1175 2233 medium
1198 2194 1392 2235 adducere
1408 2222 1418 2237 ‚
1448 2194 1511 2235 vel
1538 2194 1603 2233 Fa.

156 2245 262 2286 bulas
292 2245 549 2288 Certaldenfis
568 2250 608 2286 in
624 2246 844 2302 Philocopo
861 2247 909 2289 de
923 2249 1107 2303 Lycaone
1125 2279 1134 2293 ,
1161 2249 1221 2291 vel
1239 2250 1405 2306 denique
1427 2250 1510 2290 illas
1528 2251 1603 2290 Ve-

159 2301 279 2342 nusini
308 2305 417 2344 Vatis
448 2306 495 2345 de
513 2305 659 2344 Proteo
688 2335 698 2349 ,
736 2306 803 2358 qui
832 2301 955 2350 olim,
980 2315 1023 2346 ut
1053 2303 1132 2359 ipse
1161 2305 1365 2361 loquitur,
1391 2307 1509 2347 Pecus
1541 2308 1603 2346 Pi-

157 2355 278 2399 scium
297 2362 377 2415 egit
399 2362 496 2401 altos
514 2360 631 2403 visere
648 2362 813 2402 monteis
830 2370 844 2402 ?
868 2361 978 2413 Qid
997 2393 1007 2407 ‚
1035 2364 1216 2418 inquiunt
1230 2391 1241 2408 ,
1271 2377 1371 2418 opus
1387 2362 1439 2405 est
1454 2362 1603 2402 Wood-

928 2417 964 2458 K
993 2431 1020 2459 2
1473 2419 1602 2463 wardi

189 2494 227 2525 (a)
248 2492 401 2522 Bandrand.
424 2493 572 2531 Geograplx.
592 2495 640 2523 Ed.
664 2500 738 2524 1682.
879 2495 921 2528 (b)
941 2495 1049 2531 Rus-cel.
1065 2495 1188 2526 Adimam
1201 2498 1438 2527 si1.Rimin.l.2.
