<?xml version="1.0" encoding="UTF-8"?>
<!DOCTYPE html PUBLIC "-//W3C//DTD XHTML 1.0 Transitional//EN"
    "http://www.w3.org/TR/xhtml1/DTD/xhtml1-transitional.dtd">
<html xmlns="http://www.w3.org/1999/xhtml" xml:lang="en" lang="en">
 <head>
  <title>
</title>
<meta http-equiv="Content-Type" content="text/html;charset=utf-8" />
  <meta name='ocr-system' content='tesseract 3.04.00' />
  <meta name='ocr-capabilities' content='ocr_page ocr_carea ocr_par ocr_line ocrx_word'/>
</head>
<body>
  <div class='ocr_page' id='page_1' title='image "./janiplanciarimin02bian_0076.png"; bbox 0 0 2145 2910; ppageno 0'>
   <div class='ocr_carea' id='block_1_1' title="bbox 551 218 1562 267">
    <p class='ocr_par' dir='ltr' id='par_1_1' title="bbox 551 218 1562 267">
     <span class='ocr_line' id='line_1_1' title="bbox 551 218 1562 267; baseline 0.007 -14"><span class='ocrx_word' id='word_1_1' title='bbox 551 229 600 267; x_wconf 85' lang='lat'>72</span> <span class='ocrx_word' id='word_1_2' title='bbox 1000 218 1562 260; x_wconf 84' lang='lat' dir='ltr'>SPECIMEN</span> 
     </span>
    </p>
   </div>
   <div class='ocr_carea' id='block_1_2' title="bbox 539 301 2011 1481">
    <p class='ocr_par' dir='ltr' id='par_1_2' title="bbox 539 301 2011 1481">
     <span class='ocr_line' id='line_1_2' title="bbox 541 301 2004 362; baseline 0.005 -16"><span class='ocrx_word' id='word_1_3' title='bbox 541 305 722 346; x_wconf 88' lang='lat' dir='ltr'>Navibus</span> <span class='ocrx_word' id='word_1_4' title='bbox 755 306 797 345; x_wconf 90' lang='lat'>&amp;</span> <span class='ocrx_word' id='word_1_5' title='bbox 828 303 930 344; x_wconf 89' lang='lat' dir='ltr'>Vrbi</span> <span class='ocrx_word' id='word_1_6' title='bbox 961 301 1111 345; x_wconf 86' lang='lat' dir='ltr'>nostrae</span> <span class='ocrx_word' id='word_1_7' title='bbox 1136 305 1371 359; x_wconf 85' lang='lat' dir='ltr'>praeberent</span> <span class='ocrx_word' id='word_1_8' title='bbox 1400 335 1408 343; x_wconf 83' lang='lat'><strong>.</strong></span> <span class='ocrx_word' id='word_1_9' title='bbox 1441 306 1636 351; x_wconf 87' lang='lat' dir='ltr'>Distantia</span> <span class='ocrx_word' id='word_1_10' title='bbox 1673 307 1785 362; x_wconf 86' lang='lat' dir='ltr'>hujus</span> <span class='ocrx_word' id='word_1_11' title='bbox 1813 309 1950 353; x_wconf 87' lang='lat' dir='ltr'>Turris</span> <span class='ocrx_word' id='word_1_12' title='bbox 1978 329 2004 355; x_wconf 80' lang='lat' dir='ltr'>a</span> 
     </span>
     <span class='ocr_line' id='line_1_3' title="bbox 542 362 2007 420; baseline 0.006 -19"><span class='ocrx_word' id='word_1_13' title='bbox 542 363 645 402; x_wconf 85' lang='lat' dir='ltr'>Mari</span> <span class='ocrx_word' id='word_1_14' title='bbox 666 389 675 404; x_wconf 90' lang='lat'><strong>,</strong></span> <span class='ocrx_word' id='word_1_15' title='bbox 705 373 751 401; x_wconf 91' lang='lat' dir='ltr'>ut</span> <span class='ocrx_word' id='word_1_16' title='bbox 781 375 906 416; x_wconf 87' lang='lat' dir='ltr'><strong>nuper</strong></span> <span class='ocrx_word' id='word_1_17' title='bbox 937 375 1014 401; x_wconf 87' lang='lat' dir='ltr'>una</span> <span class='ocrx_word' id='word_1_18' title='bbox 1041 375 1132 401; x_wconf 90' lang='lat' dir='ltr'>cum</span> <span class='ocrx_word' id='word_1_19' title='bbox 1149 362 1263 403; x_wconf 86' lang='lat' dir='ltr'>Cella</span> <span class='ocrx_word' id='word_1_20' title='bbox 1279 365 1540 420; x_wconf 87' lang='lat' dir='ltr'>cognovimus</span> <span class='ocrx_word' id='word_1_21' title='bbox 1565 396 1576 411; x_wconf 91' lang='lat'>,</span> <span class='ocrx_word' id='word_1_22' title='bbox 1600 364 1653 406; x_wconf 91' lang='lat' dir='ltr'>est</span> <span class='ocrx_word' id='word_1_23' title='bbox 1669 367 1818 408; x_wconf 90' lang='lat' dir='ltr'>Pedum</span> <span class='ocrx_word' id='word_1_24' title='bbox 1838 381 2007 410; x_wconf 75' lang='lat' dir='ltr'>mcccc-</span> 
     </span>
     <span class='ocr_line' id='line_1_4' title="bbox 548 415 2007 478; baseline 0.008 -22"><span class='ocrx_word' id='word_1_25' title='bbox 548 430 702 458; x_wconf 82' lang='lat' dir='ltr'><strong>LXXXV·</strong></span> <span class='ocrx_word' id='word_1_26' title='bbox 725 415 1060 463; x_wconf 87' lang='lat' dir='ltr'>Ariminensium,</span> <span class='ocrx_word' id='word_1_27' title='bbox 1090 419 1134 458; x_wconf 88' lang='lat'>&amp;</span> <span class='ocrx_word' id='word_1_28' title='bbox 1153 420 1289 461; x_wconf 90' lang='lat' dir='ltr'>Murus</span> <span class='ocrx_word' id='word_1_29' title='bbox 1319 423 1470 476; x_wconf 82' lang='lat' dir='ltr'>antiqui</span> <span class='ocrx_word' id='word_1_30' title='bbox 1497 432 1635 476; x_wconf 88' lang='lat' dir='ltr'>portus</span> <span class='ocrx_word' id='word_1_31' title='bbox 1665 425 1700 463; x_wconf 92' lang='lat' dir='ltr'>ei</span> <span class='ocrx_word' id='word_1_32' title='bbox 1731 424 1906 478; x_wconf 65' lang='lat' dir='ltr'>adjedtus</span> <span class='ocrx_word' id='word_1_33' title='bbox 1935 427 2007 467; x_wconf 83' lang='lat' dir='ltr'>Pe-</span> 
     </span>
     <span class='ocr_line' id='line_1_5' title="bbox 544 471 2006 530; baseline 0.005 -15"><span class='ocrx_word' id='word_1_34' title='bbox 544 475 656 515; x_wconf 84' lang='lat' dir='ltr'>dibus</span> <span class='ocrx_word' id='word_1_35' title='bbox 675 487 844 515; x_wconf 72' lang='lat' dir='ltr'>cccxw·</span> <span class='ocrx_word' id='word_1_36' title='bbox 878 471 932 512; x_wconf 89' lang='lat' dir='ltr'>est</span> <span class='ocrx_word' id='word_1_37' title='bbox 956 473 1124 528; x_wconf 90' lang='lat' dir='ltr'>longus,</span> <span class='ocrx_word' id='word_1_38' title='bbox 1149 490 1268 530; x_wconf 86' lang='lat' dir='ltr'>quare</span> <span class='ocrx_word' id='word_1_39' title='bbox 1298 492 1404 520; x_wconf 84' lang='lat' dir='ltr'>mare</span> <span class='ocrx_word' id='word_1_40' title='bbox 1437 477 1585 520; x_wconf 86' lang='lat' dir='ltr'>receffit</span> <span class='ocrx_word' id='word_1_41' title='bbox 1615 479 1692 520; x_wconf 92' lang='lat' dir='ltr'>hoc</span> <span class='ocrx_word' id='word_1_42' title='bbox 1723 480 1814 522; x_wconf 90' lang='lat' dir='ltr'>loco</span> <span class='ocrx_word' id='word_1_43' title='bbox 1841 495 2006 523; x_wconf 81' lang='lat' dir='ltr'>Cloccc.</span> 
     </span>
     <span class='ocr_line' id='line_1_6' title="bbox 545 529 2008 590; baseline 0.005 -19"><span class='ocrx_word' id='word_1_44' title='bbox 545 532 708 587; x_wconf 87' lang='lat' dir='ltr'>pedibus</span> <span class='ocrx_word' id='word_1_45' title='bbox 742 557 753 572; x_wconf 90' lang='lat'><em>‚</em></span> <span class='ocrx_word' id='word_1_46' title='bbox 784 544 805 569; x_wconf 88' lang='lat' dir='ltr'>a</span> <span class='ocrx_word' id='word_1_47' title='bbox 832 529 1002 570; x_wconf 85' lang='lat' dir='ltr'>Moeniis</span> <span class='ocrx_word' id='word_1_48' title='bbox 1034 545 1174 588; x_wconf 85' lang='lat' dir='ltr'>nempe</span> <span class='ocrx_word' id='word_1_49' title='bbox 1191 533 1303 575; x_wconf 86' lang='lat' dir='ltr'>Vrbis</span> <span class='ocrx_word' id='word_1_50' title='bbox 1334 565 1344 580; x_wconf 92' lang='lat'>‚</span> <span class='ocrx_word' id='word_1_51' title='bbox 1375 550 1474 590; x_wconf 91' lang='lat' dir='ltr'>quae</span> <span class='ocrx_word' id='word_1_52' title='bbox 1500 537 1624 578; x_wconf 88' lang='lat' dir='ltr'>Moles</span> <span class='ocrx_word' id='word_1_53' title='bbox 1654 537 1719 577; x_wconf 89' lang='lat' dir='ltr'>illa</span> <span class='ocrx_word' id='word_1_54' title='bbox 1744 569 1754 584; x_wconf 95' lang='lat'>‚</span> <span class='ocrx_word' id='word_1_55' title='bbox 1786 536 1847 579; x_wconf 88' lang='lat' dir='ltr'>seu</span> <span class='ocrx_word' id='word_1_56' title='bbox 1870 540 2008 579; x_wconf 90' lang='lat' dir='ltr'>Murus</span> 
     </span>
     <span class='ocr_line' id='line_1_7' title="bbox 544 587 2008 647; baseline 0.005 -19"><span class='ocrx_word' id='word_1_57' title='bbox 544 588 748 640; x_wconf 87' lang='lat' dir='ltr'>contingit</span> <span class='ocrx_word' id='word_1_58' title='bbox 770 613 780 628; x_wconf 85' lang='lat'>‚</span> <span class='ocrx_word' id='word_1_59' title='bbox 812 599 990 641; x_wconf 85' lang='lat' dir='ltr'>quaeque</span> <span class='ocrx_word' id='word_1_60' title='bbox 1019 587 1118 629; x_wconf 89' lang='lat' dir='ltr'>olim</span> <span class='ocrx_word' id='word_1_61' title='bbox 1148 604 1255 631; x_wconf 89' lang='lat' dir='ltr'>mare</span> <span class='ocrx_word' id='word_1_62' title='bbox 1281 591 1482 637; x_wconf 89' lang='lat' dir='ltr'>alluebat;</span> <span class='ocrx_word' id='word_1_63' title='bbox 1514 592 1576 633; x_wconf 90' lang='lat' dir='ltr'>sed</span> <span class='ocrx_word' id='word_1_64' title='bbox 1607 595 1728 647; x_wconf 87' lang='lat' dir='ltr'>magis</span> <span class='ocrx_word' id='word_1_65' title='bbox 1759 593 1911 636; x_wconf 84' lang='lat' dir='ltr'>receffit</span> <span class='ocrx_word' id='word_1_66' title='bbox 1927 595 2008 636; x_wconf 85' lang='lat' dir='ltr'>alio</span> 
     </span>
     <span class='ocr_line' id='line_1_8' title="bbox 546 643 2008 707; baseline 0.006 -24"><span class='ocrx_word' id='word_1_67' title='bbox 546 646 585 683; x_wconf 85' lang='lat' dir='ltr'>in</span> <span class='ocrx_word' id='word_1_68' title='bbox 604 643 695 683; x_wconf 92' lang='lat' dir='ltr'>loco</span> <span class='ocrx_word' id='word_1_69' title='bbox 713 670 723 685; x_wconf 86' lang='lat'>‚</span> <span class='ocrx_word' id='word_1_70' title='bbox 756 656 898 697; x_wconf 86' lang='lat' dir='ltr'>nempe</span> <span class='ocrx_word' id='word_1_71' title='bbox 929 658 951 684; x_wconf 86' lang='lat' dir='ltr'>a</span> <span class='ocrx_word' id='word_1_72' title='bbox 979 644 1145 686; x_wconf 89' lang='lat' dir='ltr'>Moeniis</span> <span class='ocrx_word' id='word_1_73' title='bbox 1162 675 1173 690; x_wconf 91' lang='lat'><em>‚</em></span> <span class='ocrx_word' id='word_1_74' title='bbox 1205 660 1304 702; x_wconf 88' lang='lat' dir='ltr'>quae</span> <span class='ocrx_word' id='word_1_75' title='bbox 1320 647 1406 690; x_wconf 90' lang='lat' dir='ltr'>sunt</span> <span class='ocrx_word' id='word_1_76' title='bbox 1422 652 1470 690; x_wconf 92' lang='lat' dir='ltr'>ad</span> <span class='ocrx_word' id='word_1_77' title='bbox 1487 660 1645 704; x_wconf 88' lang='lat' dir='ltr'>portam</span> <span class='ocrx_word' id='word_1_78' title='bbox 1665 652 1850 705; x_wconf 87' lang='lat' dir='ltr'>Equitum</span> <span class='ocrx_word' id='word_1_79' title='bbox 1868 682 1877 696; x_wconf 93' lang='lat'><strong><em>‚</em></strong></span> <span class='ocrx_word' id='word_1_80' title='bbox 1907 666 2008 707; x_wconf 87' lang='lat' dir='ltr'>quae</span> 
     </span>
     <span class='ocr_line' id='line_1_9' title="bbox 546 699 2006 750; baseline 0.005 -9"><span class='ocrx_word' id='word_1_81' title='bbox 546 699 668 741; x_wconf 89' lang='lat' dir='ltr'>modo</span> <span class='ocrx_word' id='word_1_82' title='bbox 701 699 814 740; x_wconf 89' lang='lat' dir='ltr'>ducit</span> <span class='ocrx_word' id='word_1_83' title='bbox 846 700 894 740; x_wconf 90' lang='lat' dir='ltr'>ad</span> <span class='ocrx_word' id='word_1_84' title='bbox 927 715 1033 743; x_wconf 85' lang='lat' dir='ltr'>mare</span> <span class='ocrx_word' id='word_1_85' title='bbox 1064 731 1071 738; x_wconf 86' lang='lat'><strong>.</strong></span> <span class='ocrx_word' id='word_1_86' title='bbox 1111 704 1173 745; x_wconf 86' lang='lat' dir='ltr'>Ibi</span> <span class='ocrx_word' id='word_1_87' title='bbox 1213 706 1316 745; x_wconf 89' lang='lat' dir='ltr'>enim</span> <span class='ocrx_word' id='word_1_88' title='bbox 1354 720 1461 748; x_wconf 89' lang='lat' dir='ltr'>mare</span> <span class='ocrx_word' id='word_1_89' title='bbox 1492 706 1608 747; x_wconf 84' lang='lat' dir='ltr'>distat</span> <span class='ocrx_word' id='word_1_90' title='bbox 1639 708 1688 747; x_wconf 93' lang='lat' dir='ltr'>ab</span> <span class='ocrx_word' id='word_1_91' title='bbox 1717 709 1812 748; x_wconf 91' lang='lat' dir='ltr'>urbe</span> <span class='ocrx_word' id='word_1_92' title='bbox 1840 709 2006 750; x_wconf 87' lang='lat' dir='ltr'>Pedibus</span> 
     </span>
     <span class='ocr_line' id='line_1_10' title="bbox 543 757 2008 818; baseline 0.005 -21"><span class='ocrx_word' id='word_1_93' title='bbox 543 770 834 799; x_wconf 68' lang='lat' dir='ltr'>eiolocctva</span> <span class='ocrx_word' id='word_1_94' title='bbox 878 757 1185 800; x_wconf 83' lang='lat' dir='ltr'>Ariminenfibus</span> <span class='ocrx_word' id='word_1_95' title='bbox 1220 789 1231 804; x_wconf 88' lang='lat'>‚</span> <span class='ocrx_word' id='word_1_96' title='bbox 1264 761 1305 801; x_wconf 63' lang='grc' dir='ltr'>ὃς</span> <span class='ocrx_word' id='word_1_97' title='bbox 1339 763 1461 803; x_wconf 91' lang='lat' dir='ltr'>Porta</span> <span class='ocrx_word' id='word_1_98' title='bbox 1489 763 1557 803; x_wconf 89' lang='lat' dir='ltr'>ista</span> <span class='ocrx_word' id='word_1_99' title='bbox 1587 779 1610 804; x_wconf 87' lang='lat' dir='ltr'>a</span> <span class='ocrx_word' id='word_1_100' title='bbox 1641 764 1808 803; x_wconf 88' lang='lat' dir='ltr'>Moeniis</span> <span class='ocrx_word' id='word_1_101' title='bbox 1836 766 2008 818; x_wconf 83' lang='lat' dir='ltr'><strong>antiquis</strong></span> 
     </span>
     <span class='ocr_line' id='line_1_11' title="bbox 539 814 2011 873; baseline 0.005 -19"><span class='ocrx_word' id='word_1_102' title='bbox 539 816 820 855; x_wconf 89' lang='lat' dir='ltr'>Romanorum</span> <span class='ocrx_word' id='word_1_103' title='bbox 847 814 1015 855; x_wconf 89' lang='lat' dir='ltr'>Pedibus</span> <span class='ocrx_word' id='word_1_104' title='bbox 1046 829 1274 857; x_wconf 84' lang='lat' dir='ltr'>cccxx1111.</span> <span class='ocrx_word' id='word_1_105' title='bbox 1305 817 1419 857; x_wconf 88' lang='lat' dir='ltr'>distat</span> <span class='ocrx_word' id='word_1_106' title='bbox 1450 835 1459 862; x_wconf 92' lang='lat'>;</span> <span class='ocrx_word' id='word_1_107' title='bbox 1489 821 1578 859; x_wconf 92' lang='lat' dir='ltr'>Hoc</span> <span class='ocrx_word' id='word_1_108' title='bbox 1610 821 1716 858; x_wconf 86' lang='lat' dir='ltr'>enim</span> <span class='ocrx_word' id='word_1_109' title='bbox 1747 817 1876 873; x_wconf 86' lang='lat' dir='ltr'>spatio</span> <span class='ocrx_word' id='word_1_110' title='bbox 1906 821 2011 873; x_wconf 89' lang='lat' dir='ltr'>adje-</span> 
     </span>
     <span class='ocr_line' id='line_1_12' title="bbox 540 872 2009 929; baseline 0.003 -18"><span class='ocrx_word' id='word_1_111' title='bbox 540 872 622 911; x_wconf 66' lang='lat' dir='ltr'>c&#39;tio</span> <span class='ocrx_word' id='word_1_112' title='bbox 657 885 848 912; x_wconf 87' lang='lat' dir='ltr'>novarum</span> <span class='ocrx_word' id='word_1_113' title='bbox 883 872 1047 913; x_wconf 83' lang='lat' dir='ltr'>Viarum</span> <span class='ocrx_word' id='word_1_114' title='bbox 1077 874 1338 913; x_wconf 86' lang='lat' dir='ltr'>continetur.</span> <span class='ocrx_word' id='word_1_115' title='bbox 1372 874 1508 929; x_wconf 80' lang='lat' dir='ltr'>Qare</span> <span class='ocrx_word' id='word_1_116' title='bbox 1545 875 1668 915; x_wconf 90' lang='lat' dir='ltr'>modo</span> <span class='ocrx_word' id='word_1_117' title='bbox 1702 890 1809 915; x_wconf 90' lang='lat' dir='ltr'>mare</span> <span class='ocrx_word' id='word_1_118' title='bbox 1840 875 1956 916; x_wconf 88' lang='lat' dir='ltr'>distat</span> <span class='ocrx_word' id='word_1_119' title='bbox 1986 892 2009 917; x_wconf 90' lang='lat' dir='ltr'>a</span> 
     </span>
     <span class='ocr_line' id='line_1_13' title="bbox 544 928 2008 983; baseline 0.002 -14"><span class='ocrx_word' id='word_1_120' title='bbox 544 930 715 969; x_wconf 87' lang='lat' dir='ltr'>Moeniis</span> <span class='ocrx_word' id='word_1_121' title='bbox 748 928 1026 969; x_wconf 85' lang='lat' dir='ltr'>Romanorum</span> <span class='ocrx_word' id='word_1_122' title='bbox 1065 930 1231 971; x_wconf 88' lang='lat' dir='ltr'>Pedibus</span> <span class='ocrx_word' id='word_1_123' title='bbox 1268 943 1572 971; x_wconf 78' lang='lat' dir='ltr'>CIOCIOLxxxx-</span> <span class='ocrx_word' id='word_1_124' title='bbox 1614 932 1687 972; x_wconf 88' lang='lat' dir='ltr'>Sed</span> <span class='ocrx_word' id='word_1_125' title='bbox 1713 933 1839 983; x_wconf 83' lang='lat' dir='ltr'>major</span> <span class='ocrx_word' id='word_1_126' title='bbox 1878 932 2008 972; x_wconf 89' lang='lat' dir='ltr'>adhuc</span> 
     </span>
     <span class='ocr_line' id='line_1_14' title="bbox 540 983 2011 1029; baseline 0.003 -4"><span class='ocrx_word' id='word_1_127' title='bbox 540 983 592 1025; x_wconf 89' lang='lat' dir='ltr'>est</span> <span class='ocrx_word' id='word_1_128' title='bbox 621 983 803 1025; x_wconf 86' lang='lat' dir='ltr'>distantia</span> <span class='ocrx_word' id='word_1_129' title='bbox 819 1014 828 1029; x_wconf 92' lang='lat'>‚</span> <span class='ocrx_word' id='word_1_130' title='bbox 852 983 878 1026; x_wconf 83' lang='lat' dir='ltr'>sl</span> <span class='ocrx_word' id='word_1_131' title='bbox 896 985 1072 1027; x_wconf 86' lang='lat' dir='ltr'>mensura</span> <span class='ocrx_word' id='word_1_132' title='bbox 1090 985 1264 1028; x_wconf 88' lang='lat' dir='ltr'>sumatur</span> <span class='ocrx_word' id='word_1_133' title='bbox 1282 989 1331 1027; x_wconf 86' lang='lat' dir='ltr'>ab</span> <span class='ocrx_word' id='word_1_134' title='bbox 1347 986 1460 1027; x_wconf 90' lang='lat' dir='ltr'>Ostio</span> <span class='ocrx_word' id='word_1_135' title='bbox 1490 989 1585 1028; x_wconf 87' lang='lat' dir='ltr'>novi</span> <span class='ocrx_word' id='word_1_136' title='bbox 1603 987 1767 1028; x_wconf 90' lang='lat' dir='ltr'>Portus.</span> <span class='ocrx_word' id='word_1_137' title='bbox 1801 989 1945 1028; x_wconf 85' lang='lat' dir='ltr'>Verum</span> <span class='ocrx_word' id='word_1_138' title='bbox 1963 1000 2011 1029; x_wconf 88' lang='lat' dir='ltr'>ut</span> 
     </span>
     <span class='ocr_line' id='line_1_15' title="bbox 540 1043 2008 1090; baseline 0.003 -9"><span class='ocrx_word' id='word_1_139' title='bbox 540 1043 678 1082; x_wconf 88' lang='lat' dir='ltr'>omnia</span> <span class='ocrx_word' id='word_1_140' title='bbox 706 1044 745 1081; x_wconf 92' lang='lat' dir='ltr'>in</span> <span class='ocrx_word' id='word_1_141' title='bbox 775 1057 897 1083; x_wconf 90' lang='lat' dir='ltr'>unum</span> <span class='ocrx_word' id='word_1_142' title='bbox 926 1043 1194 1084; x_wconf 82' lang='lat' dir='ltr'>conducamus</span> <span class='ocrx_word' id='word_1_143' title='bbox 1212 1076 1221 1090; x_wconf 92' lang='lat'><em>‚</em></span> <span class='ocrx_word' id='word_1_144' title='bbox 1248 1044 1428 1084; x_wconf 87' lang='lat' dir='ltr'>Recessus</span> <span class='ocrx_word' id='word_1_145' title='bbox 1454 1044 1604 1085; x_wconf 90' lang='lat' dir='ltr'>medius</span> <span class='ocrx_word' id='word_1_146' title='bbox 1635 1047 1756 1085; x_wconf 85' lang='lat' dir='ltr'>Maris</span> <span class='ocrx_word' id='word_1_147' title='bbox 1786 1058 1809 1083; x_wconf 82' lang='lat' dir='ltr'>a</span> <span class='ocrx_word' id='word_1_148' title='bbox 1839 1047 2008 1085; x_wconf 87' lang='lat' dir='ltr'>Moeniis</span> 
     </span>
     <span class='ocr_line' id='line_1_16' title="bbox 542 1098 2010 1156; baseline 0.003 -19"><span class='ocrx_word' id='word_1_149' title='bbox 542 1099 655 1138; x_wconf 84' lang='lat' dir='ltr'>Vrbis</span> <span class='ocrx_word' id='word_1_150' title='bbox 688 1098 839 1140; x_wconf 86' lang='lat' dir='ltr'>nostrae</span> <span class='ocrx_word' id='word_1_151' title='bbox 871 1128 880 1143; x_wconf 92' lang='lat'><strong>,</strong></span> <span class='ocrx_word' id='word_1_152' title='bbox 916 1114 1020 1154; x_wconf 86' lang='lat' dir='ltr'>quae</span> <span class='ocrx_word' id='word_1_153' title='bbox 1057 1101 1153 1141; x_wconf 90' lang='lat' dir='ltr'>olim</span> <span class='ocrx_word' id='word_1_154' title='bbox 1187 1100 1310 1156; x_wconf 88' lang='lat' dir='ltr'>ipsum</span> <span class='ocrx_word' id='word_1_155' title='bbox 1340 1100 1513 1142; x_wconf 85' lang='lat' dir='ltr'>alluebat</span> <span class='ocrx_word' id='word_1_156' title='bbox 1541 1131 1552 1146; x_wconf 94' lang='lat'>,</span> <span class='ocrx_word' id='word_1_157' title='bbox 1585 1100 1638 1141; x_wconf 87' lang='lat' dir='ltr'>est</span> <span class='ocrx_word' id='word_1_158' title='bbox 1669 1100 1818 1140; x_wconf 90' lang='lat' dir='ltr'>Pedum</span> <span class='ocrx_word' id='word_1_159' title='bbox 1851 1102 2010 1141; x_wconf 88' lang='lat' dir='ltr'>circiter</span> 
     </span>
     <span class='ocr_line' id='line_1_17' title="bbox 545 1155 2010 1210; baseline 0.003 -18"><span class='ocrx_word' id='word_1_160' title='bbox 545 1167 757 1194; x_wconf 61' lang='lat' dir='ltr'>momen.</span> <span class='ocrx_word' id='word_1_161' title='bbox 786 1157 923 1206; x_wconf 76' lang='lat' dir='ltr'>Quare</span> <span class='ocrx_word' id='word_1_162' title='bbox 955 1157 1096 1210; x_wconf 89' lang='lat' dir='ltr'>procul</span> <span class='ocrx_word' id='word_1_163' title='bbox 1123 1157 1245 1199; x_wconf 91' lang='lat' dir='ltr'>dubio</span> <span class='ocrx_word' id='word_1_164' title='bbox 1273 1171 1408 1198; x_wconf 84' lang='lat' dir='ltr'>revera</span> <span class='ocrx_word' id='word_1_165' title='bbox 1437 1157 1559 1197; x_wconf 90' lang='lat' dir='ltr'>modo</span> <span class='ocrx_word' id='word_1_166' title='bbox 1590 1155 1679 1197; x_wconf 82' lang='lat' dir='ltr'>satis</span> <span class='ocrx_word' id='word_1_167' title='bbox 1713 1157 1864 1210; x_wconf 87' lang='lat' dir='ltr'>patenti</span> <span class='ocrx_word' id='word_1_168' title='bbox 1891 1171 1913 1196; x_wconf 88' lang='lat' dir='ltr'>a</span> <span class='ocrx_word' id='word_1_169' title='bbox 1937 1171 2010 1197; x_wconf 92' lang='lat' dir='ltr'>no-</span> 
     </span>
     <span class='ocr_line' id='line_1_18' title="bbox 545 1208 2007 1268; baseline 0.002 -19"><span class='ocrx_word' id='word_1_170' title='bbox 545 1212 602 1250; x_wconf 92' lang='lat' dir='ltr'>bis</span> <span class='ocrx_word' id='word_1_171' title='bbox 634 1208 785 1250; x_wconf 84' lang='lat' dir='ltr'>recessit</span> <span class='ocrx_word' id='word_1_172' title='bbox 816 1212 953 1253; x_wconf 85' lang='lat' dir='ltr'>Mare,</span> <span class='ocrx_word' id='word_1_173' title='bbox 986 1227 1107 1265; x_wconf 91' lang='lat' dir='ltr'>quum</span> <span class='ocrx_word' id='word_1_174' title='bbox 1139 1225 1202 1254; x_wconf 91' lang='lat' dir='ltr'>tot</span> <span class='ocrx_word' id='word_1_175' title='bbox 1230 1218 1367 1268; x_wconf 86' lang='lat' dir='ltr'>jugera</span> <span class='ocrx_word' id='word_1_176' title='bbox 1383 1228 1570 1268; x_wconf 89' lang='lat' dir='ltr'>agrorum</span> <span class='ocrx_word' id='word_1_177' title='bbox 1588 1213 1812 1253; x_wconf 89' lang='lat' dir='ltr'>Hortorum</span> <span class='ocrx_word' id='word_1_178' title='bbox 1827 1212 2007 1252; x_wconf 88' lang='lat' dir='ltr'>Cultori-</span> 
     </span>
     <span class='ocr_line' id='line_1_19' title="bbox 542 1264 2007 1323; baseline 0.002 -17"><span class='ocrx_word' id='word_1_179' title='bbox 542 1268 612 1306; x_wconf 88' lang='lat' dir='ltr'>bus</span> <span class='ocrx_word' id='word_1_180' title='bbox 630 1295 640 1310; x_wconf 90' lang='lat'><strong><em>,</em></strong></span> <span class='ocrx_word' id='word_1_181' title='bbox 673 1268 717 1306; x_wconf 86' lang='lat'>&amp;</span> <span class='ocrx_word' id='word_1_182' title='bbox 748 1266 797 1306; x_wconf 87' lang='lat' dir='ltr'>ad</span> <span class='ocrx_word' id='word_1_183' title='bbox 826 1264 970 1321; x_wconf 88' lang='lat' dir='ltr'>segetes</span> <span class='ocrx_word' id='word_1_184' title='bbox 1002 1267 1142 1308; x_wconf 85' lang='lat' dir='ltr'>idonea</span> <span class='ocrx_word' id='word_1_185' title='bbox 1180 1270 1383 1323; x_wconf 85' lang='lat' dir='ltr'>reliquerit</span> <span class='ocrx_word' id='word_1_186' title='bbox 1409 1285 1418 1314; x_wconf 87' lang='lat'>;</span> <span class='ocrx_word' id='word_1_187' title='bbox 1450 1273 1559 1322; x_wconf 89' lang='lat' dir='ltr'>cujus</span> <span class='ocrx_word' id='word_1_188' title='bbox 1591 1270 1646 1308; x_wconf 90' lang='lat' dir='ltr'>rei</span> <span class='ocrx_word' id='word_1_189' title='bbox 1670 1270 1786 1308; x_wconf 85' lang='lat' dir='ltr'>turris</span> <span class='ocrx_word' id='word_1_190' title='bbox 1812 1268 1855 1306; x_wconf 70' lang='grc' dir='ltr'>ὅ(</span> <span class='ocrx_word' id='word_1_191' title='bbox 1884 1269 2007 1309; x_wconf 86' lang='lat' dir='ltr'>moles</span> 
     </span>
     <span class='ocr_line' id='line_1_20' title="bbox 545 1320 2010 1378; baseline 0.002 -16"><span class='ocrx_word' id='word_1_192' title='bbox 545 1323 613 1364; x_wconf 85' lang='lat' dir='ltr'>illa</span> <span class='ocrx_word' id='word_1_193' title='bbox 640 1320 804 1363; x_wconf 86' lang='lat' dir='ltr'>mirifica</span> <span class='ocrx_word' id='word_1_194' title='bbox 835 1324 873 1362; x_wconf 90' lang='lat' dir='ltr'>in</span> <span class='ocrx_word' id='word_1_195' title='bbox 897 1321 998 1363; x_wconf 85' lang='lat' dir='ltr'>ficco</span> <span class='ocrx_word' id='word_1_196' title='bbox 1024 1323 1221 1364; x_wconf 88' lang='lat' dir='ltr'>haerentes</span> <span class='ocrx_word' id='word_1_197' title='bbox 1238 1324 1474 1378; x_wconf 88' lang='lat' dir='ltr'>sempiterna</span> <span class='ocrx_word' id='word_1_198' title='bbox 1504 1335 1619 1365; x_wconf 90' lang='lat' dir='ltr'>erunt</span> <span class='ocrx_word' id='word_1_199' title='bbox 1646 1323 1868 1365; x_wconf 86' lang='lat' dir='ltr'>testimonia</span> <span class='ocrx_word' id='word_1_200' title='bbox 1892 1353 1899 1360; x_wconf 89' lang='lat'>.</span> <span class='ocrx_word' id='word_1_201' title='bbox 1936 1326 2010 1366; x_wconf 90' lang='lat' dir='ltr'>Sed</span> 
     </span>
     <span class='ocr_line' id='line_1_21' title="bbox 546 1379 2007 1435; baseline 0.001 -15"><span class='ocrx_word' id='word_1_202' title='bbox 546 1379 676 1420; x_wconf 84' lang='lat' dir='ltr'>adhuc</span> <span class='ocrx_word' id='word_1_203' title='bbox 709 1381 830 1433; x_wconf 85' lang='lat' dir='ltr'>magis</span> <span class='ocrx_word' id='word_1_204' title='bbox 859 1394 963 1420; x_wconf 89' lang='lat' dir='ltr'>mare</span> <span class='ocrx_word' id='word_1_205' title='bbox 1001 1394 1023 1420; x_wconf 91' lang='lat' dir='ltr'>a</span> <span class='ocrx_word' id='word_1_206' title='bbox 1052 1381 1243 1421; x_wconf 85' lang='lat' dir='ltr'>Ravenna</span> <span class='ocrx_word' id='word_1_207' title='bbox 1278 1380 1428 1422; x_wconf 79' lang='lat' dir='ltr'>recess&#39;it</span> <span class='ocrx_word' id='word_1_208' title='bbox 1458 1412 1468 1427; x_wconf 88' lang='lat'><strong><em>,</em></strong></span> <span class='ocrx_word' id='word_1_209' title='bbox 1507 1395 1606 1435; x_wconf 86' lang='lat' dir='ltr'>quae</span> <span class='ocrx_word' id='word_1_210' title='bbox 1635 1382 1733 1422; x_wconf 88' lang='lat' dir='ltr'>olim</span> <span class='ocrx_word' id='word_1_211' title='bbox 1763 1383 2007 1435; x_wconf 88' lang='lat' dir='ltr'>temporibus</span> 
     </span>
     <span class='ocr_line' id='line_1_22' title="bbox 543 1436 2008 1481; baseline 0.001 -5"><span class='ocrx_word' id='word_1_212' title='bbox 543 1437 823 1476; x_wconf 86' lang='lat' dir='ltr'>Romanorum</span> <span class='ocrx_word' id='word_1_213' title='bbox 854 1439 897 1477; x_wconf 73' lang='grc' dir='ltr'>ὅ(</span> <span class='ocrx_word' id='word_1_214' title='bbox 929 1437 1157 1477; x_wconf 86' lang='lat' dir='ltr'>Gothorum</span> <span class='ocrx_word' id='word_1_215' title='bbox 1188 1439 1290 1477; x_wconf 86' lang='lat' dir='ltr'>intra</span> <span class='ocrx_word' id='word_1_216' title='bbox 1321 1440 1486 1478; x_wconf 88' lang='lat' dir='ltr'>marinas</span> <span class='ocrx_word' id='word_1_217' title='bbox 1512 1438 1685 1479; x_wconf 87' lang='lat' dir='ltr'>Lacunas</span> <span class='ocrx_word' id='word_1_218' title='bbox 1712 1436 1779 1478; x_wconf 82' lang='lat' dir='ltr'>sita</span> <span class='ocrx_word' id='word_1_219' title='bbox 1818 1450 1930 1481; x_wconf 88' lang='lat' dir='ltr'>erat,</span> <span class='ocrx_word' id='word_1_220' title='bbox 1962 1448 2008 1478; x_wconf 92' lang='lat' dir='ltr'>ut</span> 
     </span>
    </p>
   </div>
   <div class='ocr_carea' id='block_1_3' title="bbox 544 1491 2009 1600">
    <p class='ocr_par' dir='ltr' id='par_1_3' title="bbox 544 1491 2009 1600">
     <span class='ocr_line' id='line_1_23' title="bbox 544 1491 2009 1547; baseline 0.002 -16"><span class='ocrx_word' id='word_1_221' title='bbox 544 1507 647 1532; x_wconf 87' lang='lat' dir='ltr'>nunc</span> <span class='ocrx_word' id='word_1_222' title='bbox 677 1493 766 1531; x_wconf 92' lang='lat' dir='ltr'>urbs</span> <span class='ocrx_word' id='word_1_223' title='bbox 794 1491 1026 1547; x_wconf 80' lang='lat' dir='ltr'>amplissima</span> <span class='ocrx_word' id='word_1_224' title='bbox 1055 1495 1305 1534; x_wconf 87' lang='lat' dir='ltr'>Venetiarum</span> <span class='ocrx_word' id='word_1_225' title='bbox 1323 1521 1333 1536; x_wconf 89' lang='lat'>,</span> <span class='ocrx_word' id='word_1_226' title='bbox 1361 1496 1405 1534; x_wconf 87' lang='lat'>&amp;</span> <span class='ocrx_word' id='word_1_227' title='bbox 1436 1506 1567 1534; x_wconf 88' lang='lat' dir='ltr'>tamen</span> <span class='ocrx_word' id='word_1_228' title='bbox 1594 1495 1715 1535; x_wconf 90' lang='lat' dir='ltr'>modo</span> <span class='ocrx_word' id='word_1_229' title='bbox 1734 1496 1772 1534; x_wconf 90' lang='lat' dir='ltr'>in</span> <span class='ocrx_word' id='word_1_230' title='bbox 1791 1492 1893 1534; x_wconf 79' lang='lat' dir='ltr'>sicco</span> <span class='ocrx_word' id='word_1_231' title='bbox 1918 1494 2009 1534; x_wconf 88' lang='lat' dir='ltr'>hae-</span> 
     </span>
     <span class='ocr_line' id='line_1_24' title="bbox 544 1548 2009 1600; baseline 0 -12"><span class='ocrx_word' id='word_1_232' title='bbox 544 1561 605 1588; x_wconf 84' lang='lat' dir='ltr'>ret</span> <span class='ocrx_word' id='word_1_233' title='bbox 640 1549 857 1592; x_wconf 84' lang='lat' dir='ltr'>Ravenna,</span> <span class='ocrx_word' id='word_1_234' title='bbox 884 1560 930 1587; x_wconf 88' lang='lat' dir='ltr'>ut</span> <span class='ocrx_word' id='word_1_235' title='bbox 959 1563 981 1586; x_wconf 89' lang='lat' dir='ltr'>a</span> <span class='ocrx_word' id='word_1_236' title='bbox 1011 1550 1109 1586; x_wconf 90' lang='lat' dir='ltr'>mari</span> <span class='ocrx_word' id='word_1_237' title='bbox 1136 1549 1258 1586; x_wconf 87' lang='lat' dir='ltr'>tribus</span> <span class='ocrx_word' id='word_1_238' title='bbox 1286 1548 1363 1585; x_wconf 90' lang='lat' dir='ltr'>fere</span> <span class='ocrx_word' id='word_1_239' title='bbox 1393 1549 1564 1587; x_wconf 87' lang='lat' dir='ltr'>millibus</span> <span class='ocrx_word' id='word_1_240' title='bbox 1581 1549 1746 1600; x_wconf 83' lang='lat' dir='ltr'>paffibus</span> <span class='ocrx_word' id='word_1_241' title='bbox 1777 1549 1916 1591; x_wconf 87' lang='lat' dir='ltr'>distet;</span> <span class='ocrx_word' id='word_1_242' title='bbox 1953 1550 2009 1588; x_wconf 93' lang='lat' dir='ltr'>di-</span> 
     </span>
    </p>
   </div>
   <div class='ocr_carea' id='block_1_4' title="bbox 545 1601 2011 2487">
    <p class='ocr_par' dir='ltr' id='par_1_4' title="bbox 545 1601 2011 2486">
     <span class='ocr_line' id='line_1_25' title="bbox 545 1601 2011 1657; baseline -0.001 -13"><span class='ocrx_word' id='word_1_243' title='bbox 545 1603 683 1644; x_wconf 88' lang='lat' dir='ltr'>stantia</span> <span class='ocrx_word' id='word_1_244' title='bbox 715 1602 802 1643; x_wconf 86' lang='lat' dir='ltr'>sane</span> <span class='ocrx_word' id='word_1_245' title='bbox 831 1617 930 1656; x_wconf 89' lang='lat' dir='ltr'>quae</span> <span class='ocrx_word' id='word_1_246' title='bbox 952 1601 1004 1642; x_wconf 90' lang='lat' dir='ltr'>est</span> <span class='ocrx_word' id='word_1_247' title='bbox 1033 1602 1158 1655; x_wconf 87' lang='lat' dir='ltr'>duplo</span> <span class='ocrx_word' id='word_1_248' title='bbox 1187 1601 1248 1641; x_wconf 91' lang='lat' dir='ltr'>vel</span> <span class='ocrx_word' id='word_1_249' title='bbox 1275 1603 1394 1657; x_wconf 89' lang='lat' dir='ltr'>triplo</span> <span class='ocrx_word' id='word_1_250' title='bbox 1419 1605 1571 1655; x_wconf 86' lang='lat' dir='ltr'>major,</span> <span class='ocrx_word' id='word_1_251' title='bbox 1602 1607 1719 1657; x_wconf 78' lang='lat' dir='ltr'>quam</span> <span class='ocrx_word' id='word_1_252' title='bbox 1747 1602 1912 1643; x_wconf 87' lang='lat' dir='ltr'>nostraa</span> <span class='ocrx_word' id='word_1_253' title='bbox 1929 1618 2011 1643; x_wconf 84' lang='lat' dir='ltr'>ma-</span> 
     </span>
     <span class='ocr_line' id='line_1_26' title="bbox 545 1657 2010 1713; baseline -0.001 -13"><span class='ocrx_word' id='word_1_254' title='bbox 545 1663 603 1700; x_wconf 92' lang='lat' dir='ltr'>ri.</span> <span class='ocrx_word' id='word_1_255' title='bbox 637 1661 772 1712; x_wconf 78' lang='lat' dir='ltr'>Qare</span> <span class='ocrx_word' id='word_1_256' title='bbox 803 1658 884 1698; x_wconf 92' lang='lat' dir='ltr'>hoc</span> <span class='ocrx_word' id='word_1_257' title='bbox 916 1659 1099 1712; x_wconf 88' lang='lat' dir='ltr'>exemplo</span> <span class='ocrx_word' id='word_1_258' title='bbox 1118 1659 1259 1698; x_wconf 88' lang='lat' dir='ltr'>moniti</span> <span class='ocrx_word' id='word_1_259' title='bbox 1290 1659 1505 1713; x_wconf 88' lang='lat' dir='ltr'>prudenter</span> <span class='ocrx_word' id='word_1_260' title='bbox 1537 1660 1641 1700; x_wconf 90' lang='lat' dir='ltr'>idem</span> <span class='ocrx_word' id='word_1_261' title='bbox 1657 1657 1725 1700; x_wconf 85' lang='lat' dir='ltr'>fibi</span> <span class='ocrx_word' id='word_1_262' title='bbox 1742 1670 1920 1700; x_wconf 89' lang='lat' dir='ltr'>metuunt</span> <span class='ocrx_word' id='word_1_263' title='bbox 1936 1661 2010 1700; x_wconf 88' lang='lat' dir='ltr'>Ve-</span> 
     </span>
     <span class='ocr_line' id='line_1_27' title="bbox 546 1712 2011 1771; baseline 0.001 -17"><span class='ocrx_word' id='word_1_264' title='bbox 546 1718 654 1761; x_wconf 85' lang='lat' dir='ltr'>neti,</span> <span class='ocrx_word' id='word_1_265' title='bbox 686 1730 733 1755; x_wconf 88' lang='lat' dir='ltr'>ne</span> <span class='ocrx_word' id='word_1_266' title='bbox 764 1713 909 1755; x_wconf 86' lang='lat' dir='ltr'>scilicet</span> <span class='ocrx_word' id='word_1_267' title='bbox 938 1712 1239 1768; x_wconf 77' lang='lat' dir='ltr'>praeclariffima</span> <span class='ocrx_word' id='word_1_268' title='bbox 1256 1730 1393 1756; x_wconf 87' lang='lat' dir='ltr'>eorum</span> <span class='ocrx_word' id='word_1_269' title='bbox 1410 1717 1509 1757; x_wconf 91' lang='lat' dir='ltr'>Vrbs</span> <span class='ocrx_word' id='word_1_270' title='bbox 1526 1744 1536 1759; x_wconf 82' lang='grc'>,</span> <span class='ocrx_word' id='word_1_271' title='bbox 1563 1730 1662 1771; x_wconf 87' lang='lat' dir='ltr'>quae</span> <span class='ocrx_word' id='word_1_272' title='bbox 1680 1718 1719 1756; x_wconf 90' lang='lat' dir='ltr'>in</span> <span class='ocrx_word' id='word_1_273' title='bbox 1735 1718 1899 1757; x_wconf 81' lang='lat' dir='ltr'>Lacunis</span> <span class='ocrx_word' id='word_1_274' title='bbox 1927 1731 2011 1756; x_wconf 86' lang='lat' dir='ltr'>ma-</span> 
     </span>
     <span class='ocr_line' id='line_1_28' title="bbox 545 1770 2010 1826; baseline 0.001 -14"><span class='ocrx_word' id='word_1_275' title='bbox 545 1774 595 1812; x_wconf 85' lang='lat' dir='ltr'>ris</span> <span class='ocrx_word' id='word_1_276' title='bbox 629 1770 754 1826; x_wconf 84' lang='lat' dir='ltr'>pofita</span> <span class='ocrx_word' id='word_1_277' title='bbox 784 1782 940 1811; x_wconf 86' lang='lat' dir='ltr'>tantum</span> <span class='ocrx_word' id='word_1_278' title='bbox 954 1774 1094 1811; x_wconf 86' lang='lat' dir='ltr'>ceteris</span> <span class='ocrx_word' id='word_1_279' title='bbox 1113 1772 1280 1824; x_wconf 86' lang='lat' dir='ltr'>praestat</span> <span class='ocrx_word' id='word_1_280' title='bbox 1296 1799 1306 1813; x_wconf 89' lang='lat'>,</span> <span class='ocrx_word' id='word_1_281' title='bbox 1338 1773 1496 1813; x_wconf 85' lang='lat' dir='ltr'>tandem</span> <span class='ocrx_word' id='word_1_282' title='bbox 1515 1774 1553 1812; x_wconf 90' lang='lat' dir='ltr'>in</span> <span class='ocrx_word' id='word_1_283' title='bbox 1570 1772 1673 1813; x_wconf 84' lang='lat' dir='ltr'>ficco</span> <span class='ocrx_word' id='word_1_284' title='bbox 1697 1770 1855 1814; x_wconf 86' lang='lat' dir='ltr'>haereat</span> <span class='ocrx_word' id='word_1_285' title='bbox 1870 1800 1880 1818; x_wconf 85' lang='lat'><strong><em>‚</em></strong></span> <span class='ocrx_word' id='word_1_286' title='bbox 1910 1772 2010 1813; x_wconf 88' lang='lat' dir='ltr'>mul-</span> 
     </span>
     <span class='ocr_line' id='line_1_29' title="bbox 548 1825 2009 1880; baseline 0.001 -12"><span class='ocrx_word' id='word_1_287' title='bbox 548 1841 709 1880; x_wconf 90' lang='lat' dir='ltr'>tumque</span> <span class='ocrx_word' id='word_1_288' title='bbox 744 1830 778 1866; x_wconf 90' lang='lat' dir='ltr'>ei</span> <span class='ocrx_word' id='word_1_289' title='bbox 811 1827 858 1865; x_wconf 88' lang='lat' dir='ltr'>de</span> <span class='ocrx_word' id='word_1_290' title='bbox 890 1825 1081 1880; x_wconf 87' lang='lat' dir='ltr'>praesenti</span> <span class='ocrx_word' id='word_1_291' title='bbox 1096 1825 1326 1879; x_wconf 84' lang='lat' dir='ltr'>splendore,</span> <span class='ocrx_word' id='word_1_292' title='bbox 1358 1828 1401 1865; x_wconf 67' lang='grc' dir='ltr'>ὃς</span> <span class='ocrx_word' id='word_1_293' title='bbox 1431 1829 1525 1865; x_wconf 74' lang='lat' dir='ltr'>aeris</span> <span class='ocrx_word' id='word_1_294' title='bbox 1558 1828 1783 1868; x_wconf 88' lang='lat' dir='ltr'>salubritate</span> <span class='ocrx_word' id='word_1_295' title='bbox 1812 1830 2009 1875; x_wconf 87' lang='lat' dir='ltr'>decedat,</span> 
     </span>
     <span class='ocr_line' id='line_1_30' title="bbox 550 1879 2009 1938; baseline -0.001 -14"><span class='ocrx_word' id='word_1_296' title='bbox 550 1894 670 1937; x_wconf 88' lang='lat' dir='ltr'>atque</span> <span class='ocrx_word' id='word_1_297' title='bbox 701 1897 723 1921; x_wconf 86' lang='lat' dir='ltr'>a</span> <span class='ocrx_word' id='word_1_298' title='bbox 756 1882 907 1922; x_wconf 88' lang='lat' dir='ltr'>duobus</span> <span class='ocrx_word' id='word_1_299' title='bbox 932 1880 1099 1920; x_wconf 84' lang='lat' dir='ltr'>Saeculis</span> <span class='ocrx_word' id='word_1_300' title='bbox 1116 1879 1313 1933; x_wconf 85' lang='lat' dir='ltr'>sapienter</span> <span class='ocrx_word' id='word_1_301' title='bbox 1331 1881 1614 1936; x_wconf 88' lang='lat' dir='ltr'>Hydrometras</span> <span class='ocrx_word' id='word_1_302' title='bbox 1646 1884 1774 1921; x_wconf 89' lang='lat' dir='ltr'>varios</span> <span class='ocrx_word' id='word_1_303' title='bbox 1801 1883 1911 1938; x_wconf 89' lang='lat' dir='ltr'>super</span> <span class='ocrx_word' id='word_1_304' title='bbox 1934 1885 2009 1924; x_wconf 85' lang='lat' dir='ltr'>hac</span> 
     </span>
     <span class='ocr_line' id='line_1_31' title="bbox 550 1935 2008 1992; baseline -0.001 -12"><span class='ocrx_word' id='word_1_305' title='bbox 550 1955 592 1980; x_wconf 89' lang='lat' dir='ltr'>re</span> <span class='ocrx_word' id='word_1_306' title='bbox 624 1937 926 1982; x_wconf 88' lang='lat' dir='ltr'>consuluerunt,</span> <span class='ocrx_word' id='word_1_307' title='bbox 951 1938 1018 1990; x_wconf 86' lang='lat' dir='ltr'>qui</span> <span class='ocrx_word' id='word_1_308' title='bbox 1043 1938 1192 1991; x_wconf 87' lang='lat' dir='ltr'>magnis</span> <span class='ocrx_word' id='word_1_309' title='bbox 1223 1935 1410 1978; x_wconf 83' lang='lat' dir='ltr'>sumtibus</span> <span class='ocrx_word' id='word_1_310' title='bbox 1439 1938 1629 1992; x_wconf 84' lang='lat' dir='ltr'>quaedam</span> <span class='ocrx_word' id='word_1_311' title='bbox 1659 1937 1835 1978; x_wconf 88' lang='lat' dir='ltr'>Flumina</span> <span class='ocrx_word' id='word_1_312' title='bbox 1869 1954 1892 1979; x_wconf 88' lang='lat' dir='ltr'>a</span> <span class='ocrx_word' id='word_1_313' title='bbox 1933 1940 2008 1980; x_wconf 90' lang='lat' dir='ltr'>Ve-</span> 
     </span>
     <span class='ocr_line' id='line_1_32' title="bbox 556 1992 2010 2049; baseline 0.001 -14"><span class='ocrx_word' id='word_1_314' title='bbox 556 1997 748 2036; x_wconf 86' lang='lat' dir='ltr'>netiarum</span> <span class='ocrx_word' id='word_1_315' title='bbox 775 1996 938 2035; x_wconf 88' lang='lat' dir='ltr'>Lacunis</span> <span class='ocrx_word' id='word_1_316' title='bbox 965 1993 1182 2034; x_wconf 82' lang='lat' dir='ltr'>avertendo</span> <span class='ocrx_word' id='word_1_317' title='bbox 1215 1992 1386 2049; x_wconf 84' lang='lat' dir='ltr'>prospici</span> <span class='ocrx_word' id='word_1_318' title='bbox 1412 1993 1516 2048; x_wconf 83' lang='lat' dir='ltr'>poffe</span> <span class='ocrx_word' id='word_1_319' title='bbox 1540 1994 1793 2035; x_wconf 87' lang='lat' dir='ltr'>crediderunt</span> <span class='ocrx_word' id='word_1_320' title='bbox 1821 2027 1828 2033; x_wconf 91' lang='lat'><strong>.</strong></span> <span class='ocrx_word' id='word_1_321' title='bbox 1857 1996 1923 2034; x_wconf 90' lang='lat' dir='ltr'>An</span> <span class='ocrx_word' id='word_1_322' title='bbox 1947 2010 2010 2037; x_wconf 85' lang='lat' dir='ltr'>ve-</span> 
     </span>
     <span class='ocr_line' id='line_1_33' title="bbox 550 2048 2006 2108; baseline -0.002 -13"><span class='ocrx_word' id='word_1_323' title='bbox 550 2069 597 2095; x_wconf 88' lang='lat' dir='ltr'>ro</span> <span class='ocrx_word' id='word_1_324' title='bbox 617 2053 693 2094; x_wconf 90' lang='lat' dir='ltr'>hoc</span> <span class='ocrx_word' id='word_1_325' title='bbox 710 2053 831 2108; x_wconf 61' lang='lat' dir='ltr'>paeto</span> <span class='ocrx_word' id='word_1_326' title='bbox 847 2052 1012 2092; x_wconf 84' lang='lat' dir='ltr'>Lacunis</span> <span class='ocrx_word' id='word_1_327' title='bbox 1030 2048 1293 2105; x_wconf 86' lang='lat' dir='ltr'>prospiciatur</span> <span class='ocrx_word' id='word_1_328' title='bbox 1312 2079 1320 2092; x_wconf 96' lang='lat'>‚</span> <span class='ocrx_word' id='word_1_329' title='bbox 1348 2052 1411 2090; x_wconf 88' lang='lat' dir='ltr'>alii</span> <span class='ocrx_word' id='word_1_330' title='bbox 1428 2051 1601 2091; x_wconf 89' lang='lat' dir='ltr'>viderint</span> <span class='ocrx_word' id='word_1_331' title='bbox 1617 2079 1624 2086; x_wconf 84' lang='lat'><strong>·</strong></span> <span class='ocrx_word' id='word_1_332' title='bbox 1641 2049 1826 2105; x_wconf 83' lang='lat' dir='ltr'>Polybius</span> <span class='ocrx_word' id='word_1_333' title='bbox 1844 2051 2006 2106; x_wconf 90' lang='lat' dir='ltr'>quidem</span> 
     </span>
     <span class='ocr_line' id='line_1_34' title="bbox 558 2105 2008 2162; baseline -0.002 -11"><span class='ocrx_word' id='word_1_334' title='bbox 558 2109 751 2151; x_wconf 82' lang='lat' dir='ltr'>excellens</span> <span class='ocrx_word' id='word_1_335' title='bbox 775 2107 987 2148; x_wconf 84' lang='lat' dir='ltr'>Historicus</span> <span class='ocrx_word' id='word_1_336' title='bbox 1024 2105 1260 2161; x_wconf 81' lang='lat' dir='ltr'>eximiusque</span> <span class='ocrx_word' id='word_1_337' title='bbox 1291 2106 1547 2161; x_wconf 87' lang='lat' dir='ltr'>Philosophus</span> <span class='ocrx_word' id='word_1_338' title='bbox 1579 2105 1687 2147; x_wconf 85' lang='lat' dir='ltr'>fimul</span> <span class='ocrx_word' id='word_1_339' title='bbox 1722 2136 1731 2149; x_wconf 89' lang='lat'>‚</span> <span class='ocrx_word' id='word_1_340' title='bbox 1763 2123 1812 2148; x_wconf 88' lang='lat' dir='ltr'>ex</span> <span class='ocrx_word' id='word_1_341' title='bbox 1842 2108 2008 2162; x_wconf 84' lang='lat' dir='ltr'>ingressu</span> 
     </span>
     <span class='ocr_line' id='line_1_35' title="bbox 552 2163 2008 2219; baseline -0.003 -11"><span class='ocrx_word' id='word_1_342' title='bbox 552 2168 694 2208; x_wconf 85' lang='lat' dir='ltr'>Tanais</span> <span class='ocrx_word' id='word_1_343' title='bbox 722 2168 761 2206; x_wconf 91' lang='lat' dir='ltr'>in</span> <span class='ocrx_word' id='word_1_344' title='bbox 785 2179 916 2209; x_wconf 88' lang='lat' dir='ltr'>mare,</span> <span class='ocrx_word' id='word_1_345' title='bbox 944 2163 1071 2219; x_wconf 82' lang='lat' dir='ltr'>ipsum</span> <span class='ocrx_word' id='word_1_346' title='bbox 1103 2163 1174 2204; x_wconf 85' lang='lat' dir='ltr'>illo</span> <span class='ocrx_word' id='word_1_347' title='bbox 1201 2166 1239 2204; x_wconf 87' lang='lat' dir='ltr'>in</span> <span class='ocrx_word' id='word_1_348' title='bbox 1269 2164 1362 2204; x_wconf 88' lang='lat' dir='ltr'>loco</span> <span class='ocrx_word' id='word_1_349' title='bbox 1395 2166 1433 2204; x_wconf 87' lang='lat' dir='ltr'>in</span> <span class='ocrx_word' id='word_1_350' title='bbox 1466 2164 1649 2205; x_wconf 85' lang='lat' dir='ltr'>Paludem</span> <span class='ocrx_word' id='word_1_351' title='bbox 1677 2163 1784 2204; x_wconf 88' lang='lat' dir='ltr'>illam</span> <span class='ocrx_word' id='word_1_352' title='bbox 1812 2164 2008 2205; x_wconf 89' lang='lat' dir='ltr'>celebrem</span> 
     </span>
     <span class='ocr_line' id='line_1_36' title="bbox 554 2221 2007 2276; baseline -0.002 -12"><span class='ocrx_word' id='word_1_353' title='bbox 554 2225 590 2264; x_wconf 84' lang='lat' dir='ltr'>se</span> <span class='ocrx_word' id='word_1_354' title='bbox 621 2221 882 2264; x_wconf 71' lang='lat' dir='ltr'>transmutasse</span> <span class='ocrx_word' id='word_1_355' title='bbox 911 2223 1037 2262; x_wconf 87' lang='lat' dir='ltr'>credit</span> <span class='ocrx_word' id='word_1_356' title='bbox 1064 2249 1073 2264; x_wconf 87' lang='lat'>‚</span> <span class='ocrx_word' id='word_1_357' title='bbox 1100 2235 1199 2276; x_wconf 87' lang='lat' dir='ltr'>quae</span> <span class='ocrx_word' id='word_1_358' title='bbox 1223 2221 1392 2262; x_wconf 88' lang='lat' dir='ltr'>Maeotis</span> <span class='ocrx_word' id='word_1_359' title='bbox 1422 2221 1645 2276; x_wconf 85' lang='lat' dir='ltr'>appellatur</span> <span class='ocrx_word' id='word_1_360' title='bbox 1662 2251 1671 2265; x_wconf 96' lang='lat'>,</span> <span class='ocrx_word' id='word_1_361' title='bbox 1696 2233 1813 2275; x_wconf 85' lang='lat' dir='ltr'>atque</span> <span class='ocrx_word' id='word_1_362' title='bbox 1843 2221 1919 2260; x_wconf 91' lang='lat' dir='ltr'>hoc</span> <span class='ocrx_word' id='word_1_363' title='bbox 1943 2235 2007 2261; x_wconf 84' lang='lat' dir='ltr'>ex-</span> 
     </span>
     <span class='ocr_line' id='line_1_37' title="bbox 552 2276 2007 2334; baseline -0.002 -13"><span class='ocrx_word' id='word_1_364' title='bbox 552 2280 687 2334; x_wconf 88' lang='lat' dir='ltr'>emplo</span> <span class='ocrx_word' id='word_1_365' title='bbox 715 2281 887 2319; x_wconf 87' lang='lat' dir='ltr'>Pontum</span> <span class='ocrx_word' id='word_1_366' title='bbox 919 2280 1111 2319; x_wconf 84' lang='lat' dir='ltr'>Euxinum</span> <span class='ocrx_word' id='word_1_367' title='bbox 1142 2292 1190 2318; x_wconf 85' lang='lat' dir='ltr'>ex</span> <span class='ocrx_word' id='word_1_368' title='bbox 1220 2276 1305 2318; x_wconf 90' lang='lat' dir='ltr'>Istri</span> <span class='ocrx_word' id='word_1_369' title='bbox 1334 2309 1344 2324; x_wconf 90' lang='lat'><em>,</em></span> <span class='ocrx_word' id='word_1_370' title='bbox 1389 2277 1631 2334; x_wconf 84' lang='lat' dir='ltr'>Borysthenis</span> <span class='ocrx_word' id='word_1_371' title='bbox 1660 2308 1670 2322; x_wconf 91' lang='lat'><em>,</em></span> <span class='ocrx_word' id='word_1_372' title='bbox 1703 2278 2007 2331; x_wconf 68' lang='lat' dir='ltr'>aliorumque-,³</span> 
     </span>
     <span class='ocr_line' id='line_1_38' title="bbox 562 2332 2010 2391; baseline -0.002 -15"><span class='ocrx_word' id='word_1_373' title='bbox 562 2351 792 2390; x_wconf 84' lang='lat' dir='ltr'>magnorum</span> <span class='ocrx_word' id='word_1_374' title='bbox 824 2334 1024 2377; x_wconf 80' lang='lat' dir='ltr'>fluminum</span> <span class='ocrx_word' id='word_1_375' title='bbox 1067 2333 1229 2390; x_wconf 73' lang='lat' dir='ltr'>ingressu</span> <span class='ocrx_word' id='word_1_376' title='bbox 1265 2336 1302 2374; x_wconf 89' lang='lat' dir='ltr'>in</span> <span class='ocrx_word' id='word_1_377' title='bbox 1333 2335 1514 2391; x_wconf 86' lang='lat' dir='ltr'>paludem</span> <span class='ocrx_word' id='word_1_378' title='bbox 1543 2347 1699 2387; x_wconf 88' lang='lat' dir='ltr'>quoque</span> <span class='ocrx_word' id='word_1_379' title='bbox 1738 2334 1860 2390; x_wconf 86' lang='lat' dir='ltr'>ipsum</span> <span class='ocrx_word' id='word_1_380' title='bbox 1892 2332 2010 2374; x_wconf 65' lang='lat' dir='ltr'>trans⁴</span> 
     </span>
     <span class='ocr_line' id='line_1_39' title="bbox 560 2391 2010 2486; baseline -0.004 -51"><span class='ocrx_word' id='word_1_381' title='bbox 560 2404 755 2435; x_wconf 86' lang='lat' dir='ltr'>mutatum</span> <span class='ocrx_word' id='word_1_382' title='bbox 787 2393 833 2433; x_wconf 87' lang='lat' dir='ltr'>iri</span> <span class='ocrx_word' id='word_1_383' title='bbox 865 2402 1161 2447; x_wconf 85' lang='lat' dir='ltr'>argumentatur</span> <span class='ocrx_word' id='word_1_384' title='bbox 1191 2396 1261 2441; x_wconf 85' lang='lat' dir='ltr'>(a)</span> <span class='ocrx_word' id='word_1_385' title='bbox 1291 2424 1297 2431; x_wconf 89' lang='lat'><strong><em>.</em></strong></span> <span class='ocrx_word' id='word_1_386' title='bbox 1344 2394 1492 2433; x_wconf 85' lang='lat' dir='ltr'>Verum</span> <span class='ocrx_word' id='word_1_387' title='bbox 1522 2405 1543 2431; x_wconf 87' lang='lat' dir='ltr'>a</span> <span class='ocrx_word' id='word_1_388' title='bbox 1576 2393 1817 2447; x_wconf 88' lang='lat' dir='ltr'>temporibus</span> <span class='ocrx_word' id='word_1_389' title='bbox 1856 2391 2010 2486; x_wconf 49' lang='lat' dir='ltr'>Polygii</span> 
     </span>
    </p>

    <p class='ocr_par' dir='ltr' id='par_1_5' title="bbox 1893 2461 2010 2487">
     <span class='ocr_line' id='line_1_40' title="bbox 1893 2461 2010 2487; baseline 0 0"><span class='ocrx_word' id='word_1_390' title='bbox 1893 2462 1944 2487; x_wconf 90' lang='lat' dir='ltr'>un</span> <span class='ocrx_word' id='word_1_391' title='bbox 1975 2461 2010 2487; x_wconf 82' lang='lat' dir='ltr'>e-</span> 
     </span>
    </p>
   </div>
   <div class='ocr_carea' id='block_1_5' title="bbox 591 2527 907 2565">
    <p class='ocr_par' dir='ltr' id='par_1_6' title="bbox 591 2527 907 2565">
     <span class='ocr_line' id='line_1_41' title="bbox 591 2527 907 2565; baseline 0.003 -10"><span class='ocrx_word' id='word_1_392' title='bbox 591 2530 629 2556; x_wconf 69' lang='lat' dir='ltr'>ea&gt;</span> <span class='ocrx_word' id='word_1_393' title='bbox 653 2527 747 2565; x_wconf 59' lang='lat' dir='ltr'><em>Polyb,</em></span> <span class='ocrx_word' id='word_1_394' title='bbox 762 2527 819 2556; x_wconf 81' lang='lat' dir='ltr'>Lib.</span> <span class='ocrx_word' id='word_1_395' title='bbox 833 2527 907 2557; x_wconf 82' lang='lat' dir='ltr'><em>IIII.</em></span> 
     </span>
    </p>
   </div>
  </div>
 </body>
</html>
