2125 2915
575 207 650 237 110
896 200 1265 247 APPENDIX
1306 206 1660 252 SECVNDA.

720 514 1009 559 Mturvza
1052 520 1527 563 cvcvnmncn
1556 526 1849 567 μΜλιωιῐικῐιι.

563 618 611 704 Ι
630 614 815 682 ΝΓεςΞὶῑαηι
830 619 908 664 hoc
922 622 1051 666 forma
1065 627 1343 669 cucurbitacea
1360 629 1501 684 viginti
1514 628 1665 672 constat
1680 632 1854 672 articulis
1869 633 1996 673 circu-

644 673 790 738 lar1bus
807 704 818 720 ‚
835 675 897 719 seu
913 681 1098 723 vertebris
1114 712 1125 727 ‚
1141 685 1378 726 Coriaceum
1392 687 1433 726 in
1446 695 1536 727 cute
1552 696 1680 728 totum
1696 687 1749 730 est
1764 719 1775 733 ‚
1790 689 1833 730 &
1847 689 1994 737 Tauv.

562 729 629 771 sub
657 732 807 772 Littera
837 735 887 774 D.
921 751 1091 791 pronum
1106 742 1365 794 exprimitur;
1395 743 1442 784 In
1457 753 1571 796 parte
1599 758 1622 784 a
1652 759 1695 785 os
1712 744 1831 786 habet
1860 754 1996 785 rotun-

563 787 685 829 dum,
716 788 759 827 ὃς
785 789 897 831 heinc
928 803 1004 834 tres
1032 794 1191 837 lineolas
1215 799 1369 850 nigras;
1399 798 1595 851 reliquum
1625 802 1802 853 corporis
1820 800 1995 841 albidum

563 842 617 884 est
635 871 642 879 -
676 844 741 908 ᾼά
757 845 789 885 h.
818 848 1024 900 pinnulam
1046 850 1281 892 bifurcatam
1296 855 1396 906 gerit
1413 883 1424 898 ‚
1439 851 1553 907 supra
1582 869 1700 909 quam
1718 856 1910 896 maculam
1927 856 1994 896 ha-

563 901 631 940 bet
662 915 816 954 nigram
835 934 842 942 .
872 904 938 944 Ad
962 907 999 946 E.
1015 905 1195 961 supinum
1226 907 1433 950 exhibetur
1448 936 1459 952 ‚
1491 910 1558 950 ubi
1581 925 1624 950 os
1641 922 1806 967 apparet
1821 914 1861 951 in
1877 927 1910 951 a·
1927 912 1994 952 Ad

561 957 594 997 b.
622 970 792 1021 apparet
815 960 978 1014 pinnula
1001 962 1068 1003 illa
1095 964 1288 1007 bifurcata
1304 994 1315 1009 ,
1345 967 1409 1006 cui
1434 967 1621 1020 proxima
1644 967 1696 1009 est
1724 967 1800 1008 alia
1830 967 1993 1021 pinnula

559 1012 706 1077 lat1or,
736 1029 835 1069 quae
865 1031 945 1058 non
988 1022 1245 1064 articulatur,
1290 1019 1352 1063 sed
1380 1023 1541 1076 corpori
1574 1032 1662 1064 tota
1703 1023 1914 1064 adhaeret.
1945 1026 1994 1065 In

563 1070 693 1110 medio
725 1074 872 1113 ventris
902 1077 1078 1118 cernitur
1093 1077 1247 1118 macula
1273 1079 1525 1132 pyramidalis
1548 1080 1742 1133 nigricans
1760 1107 1769 1115 .
1799 1079 1864 1118 Ad
1882 1081 1996 1120 Men-

562 1127 659 1164 tulas
692 1130 859 1170 marinas
886 1133 1087 1174 retulimus
1115 1134 1192 1177 hoc
1221 1133 1362 1174 Insecsti
1384 1148 1502 1188 genus
1529 1145 1694 1194 propter
1724 1133 1918 1189 figuram,
1950 1138 1994 1177 &

562 1182 669 1234 quod
688 1186 910 1226 coriaceum
925 1186 971 1230 fit
987 1219 995 1229 ,
1709 1191 1711 1194 ⁴

871 1407 1313 1470 CAPVT
1416 1411 1670 1471 XXI.

780 1529 1049 1570 viamen
1095 1542 1318 1569 VARIAE
1362 1533 1759 1572 Escvzturar..

566 1633 596 1671 1.
741 1632 871 1674 Abula
897 1634 964 1674 IX.
981 1634 1133 1673 Vrticas
1162 1635 1286 1674 varias
1314 1633 1528 1676 esculentas
1554 1635 1688 1676 damus
1715 1634 1908 1678 Anchone
1939 1638 1989 1677 ad

752 1705 820 1730 nos
853 1690 1012 1731 allatas.
1044 1690 1158 1743 Qae
1189 1688 1257 1730 sub
1288 1691 1437 1731 Littera
1461 1694 1508 1736 A.
1537 1691 1710 1746 expreffa
1733 1690 1811 1737 est,
1850 1692 1898 1732 de
1925 1707 1988 1747 ge.

559 1763 650 1789 nere
679 1762 811 1789 earum
838 1746 916 1789 est,
947 1761 1046 1801 quae
1063 1747 1224 1788 Podices
1241 1748 1467 1789 vocitantur
1484 1776 1494 1791 ‚
1525 1762 1693 1802 quorum
1725 1746 1891 1803 figuram
1922 1751 1989 1790 de-

556 1805 684 1845 dimus
700 1803 850 1846 Tabula
867 1805 933 1843 IV.
959 1806 999 1844 in
1020 1805 1151 1859 priore
1167 1804 1340 1843 editione
1356 1801 1422 1856 fig·
1443 1806 1508 1843 VI.
1539 1804 1605 1843 sub
1621 1806 1770 1844 Littera
1797 1806 1844 1843 G·
1860 1806 1903 1845 &
1921 1807 1987 1847 de·-

554 1860 807 1914 scriptionem
835 1873 924 1912 pag.
939 1872 1006 1908 43.
1030 1857 1096 1898 sub
1112 1859 1271 1897 nomine
1300 1861 1460 1899 Vrticae
1490 1858 1636 1897 solutae
1664 1861 1984 1912 Caryophyllum

555 1916 756 1957 referentis
774 1943 784 1957 ‚
812 1913 874 1955 seu
898 1915 1056 1955 Podicis
1080 1914 1219 1954 marini
1247 1911 1455 1955 esculenti.
1483 1912 1588 1953 Haec
1607 1914 1765 1967 inquam
1794 1914 1861 1954 sub
1878 1916 1984 1957 litte-

551 1988 598 2015 ra
624 1975 672 2014 A.
698 1970 866 2026 ejusdem
894 1968 1156 2012 confistentiae
1184 1968 1236 2011 est
1257 1984 1301 2013 ac
1333 1969 1466 2010 Podex
1490 1969 1553 2020 ille
1582 1971 1750 2009 marinus
1779 1971 1820 2010 in
1852 1973 1978 2024 prima

552 2029 728 2069 editione
744 2061 751 2070 .
783 2030 838 2069 Os
854 2029 971 2069 habet
1001 2026 1248 2084 peramplum
1264 2055 1275 2070 ‚
1305 2025 1495 2069 dilatatur
1511 2028 1683 2081 margine
1702 2024 1769 2068 suo
1785 2055 1795 2069 ‚
1824 2027 1867 2066 δε
1884 2041 1979 2067 con-

556 2085 754 2131 trahitur,
785 2097 830 2125 ut
860 2085 995 2125 Podex
1020 2083 1111 2124 ille.
1142 2086 1287 2139 Margo
1317 2081 1430 2139 ipsius
1459 2081 1512 2124 est
1546 2093 1721 2123 crematus
1769 2085 1891 2123 crenis
1921 2085 1977 2124 in-

552 2140 691 2185 versis,
723 2144 787 2183 ubi
810 2140 1094 2183 solidiusculum
1124 2143 1276 2196 apicem
1293 2144 1331 2181 in
1361 2139 1525 2194 Angulis
1556 2139 1700 2182 habet,
1734 2141 1800 2192 qui
1818 2141 1977 2180 Vrticae

552 2197 604 2237 est
621 2214 693 2251 pro
710 2200 901 2253 unguibus
920 2226 927 2234 ·

609 2255 658 2293 ΙΙ.
692 2256 832 2294 Eadem
858 2255 1009 2295 Tabula
1025 2256 1089 2295 IX.
1117 2254 1184 2295 sub
1215 2256 1361 2295 Littera
1384 2256 1432 2294 G.
1460 2252 1512 2293 est
1537 2253 1672 2293 Vrtica
1701 2250 1875 2294 ramosa,
1900 2250 1976 2292 sive

551 2311 603 2355 est
633 2313 860 2351 Vrticarum
891 2326 1048 2352 acervus
1075 2313 1218 2352 cinerei
1243 2310 1414 2352 coloris.
1445 2309 1588 2362 Singuli
1619 2308 1799 2353 articuli,
1829 2306 1890 2348 seu
1906 2306 1976 2348 sin-

550 2369 664 2426 gulae
690 2370 848 2408 Vrticae
863 2368 1040 2408 Olivares
1058 2366 1142 2408 sunt
1157 2396 1167 2412 ‚
1194 2367 1363 2410 sulcatae
1379 2395 1389 2409 ‚
1420 2368 1462 2407 &
1478 2363 1581 2418 quafi
1606 2366 1807 2404 coriaceae
1824 2396 1831 2403 .

607 2426 678 2467 ΙΙΙ.
711 2425 903 2478 Reliquae
941 2426 1097 2467 Vrticae
1127 2426 1167 2466 in
1198 2425 1272 2466 hac
1303 2422 1454 2465 Tabula
1471 2423 1537 2464 IX·
1563 2423 1602 2462 B.
1622 2423 1669 2462 G.
1689 2424 1740 2462 D.
1769 2420 1975 2472 mucilagi-

1881 2487 1973 2516 neae
