2145 2910
533 212 576 252 M
605 213 624 252 1
654 214 694 253 N
724 214 762 255 v
792 215 814 253 s
872 213 914 253 N
942 213 981 256 0
1010 212 1046 254 T
1074 215 1094 255 1
1124 215 1146 256 s
1500 218 1554 268 45

154 306 1534 345 QQQQQQQQQQQQQQQ

508 388 956 451 CAPVT
1033 392 1169 450 III.

158 486 416 529 ΤετΗΥνΜ
453 502 535 529 srv
575 502 815 530 MENTVLA
854 503 1060 530 MARINA
1103 503 1267 530 PENEM
1306 504 1552 532 CANINVM

355 559 608 586 REFERENs
647 558 893 586 LITTORIS
932 548 1317 588 AR1M1Nnnsrs.

127 642 158 681 Ι.
280 642 314 680 Χ
341 639 580 681 Rondeletio
609 639 869 681 differentiam
900 639 1130 682 addiscimus
1162 643 1263 681 inter
1286 640 1439 696 Tethya
1469 668 1480 684 ‚
1510 641 1553 681 &

293 697 531 738 Holothuria
560 698 609 738 ab
639 695 847 738 Aristotele
862 698 904 736 ὃ(
920 696 1190 752 Theophrasto
1206 697 1397 752 descripta
1413 728 1423 742 ‚
1454 710 1553 751 quae

127 757 235 795 Gaza
265 755 304 793 in
336 755 379 792 iis
404 754 679 795 convertendis
712 751 1048 793 indiscriminatim
1077 754 1299 796 vertibula,
1329 753 1478 796 callos,
1508 755 1551 793 ὃς

126 812 263 850 tubera
296 811 490 849 vocitavit
515 840 522 848 .
563 810 636 848 Sed
665 808 766 847 male
797 808 892 847 haec
930 810 1088 848 nomina
1117 808 1343 862 permiscuit
1381 810 1550 850 eodem.)

124 865 353 906 observante
379 863 620 905 Rondeletio
647 867 722 911 (a).
754 862 1033 903 Holothurium
1062 868 1164 905 enim
1195 864 1247 904 est
1275 879 1417 919 corpus
1433 865 1554 906 callo-

122 919 204 960 sum
235 919 393 973 quidem
420 921 463 958 &
495 921 719 960 coriaceum
746 933 768 958 a
798 917 893 958 saxis
920 919 1110 964 liberum;
1140 920 1338 975 Tethyum
1355 935 1449 961 vero
1465 919 1551 977 ipfis

125 976 283 1016 haerens
316 1006 324 1013 .
366 975 501 1029 Qare
541 988 662 1028 quum
698 987 841 1028 corpus
879 974 1030 1015 Tabula
1060 979 1097 1016 V
1125 1005 1135 1019 ‚
1169 978 1212 1016 ὃς
1250 974 1373 1030 figura
1400 979 1449 1017 V.
1480 990 1552 1018 ex-

123 1030 289 1087 pressum
310 1059 320 1074 ‚
354 1029 461 1085 quod
493 1031 592 1070 inter
622 1032 737 1071 maris
753 1041 1010 1084 purgamenta
1026 1047 1048 1072 a
1064 1034 1174 1073 nobis
1190 1043 1387 1087 repertum
1404 1032 1455 1073 est
1469 1064 1479 1078 ‚
1507 1035 1547 1073 in

125 1090 372 1129 extremitate
389 1084 503 1126 fibras
522 1084 704 1139 quasdam
736 1086 938 1129 ostendat,
967 1089 1104 1140 quibus
1135 1090 1353 1142 apparebat
1383 1090 1431 1129 ad
1460 1088 1548 1129 saxa

124 1142 324 1183 adhaefiffe
341 1169 352 1185 ,
384 1142 432 1182 ad
445 1141 603 1196 Tethya
636 1142 836 1183 retulimus
863 1170 870 1178 ·
896 1144 1108 1184 Coriaceae
1138 1155 1297 1184 naturae
1325 1144 1400 1183 est.
1430 1146 1547 1185 Circa

122 1198 247 1253 ipsum
280 1198 334 1237 nil
366 1195 520 1250 insuper
551 1199 727 1239 addimus
746 1226 756 1241 ‚
780 1213 902 1252 quum
933 1199 1067 1238 titulus
1082 1200 1124 1237 ὅ(
1140 1198 1264 1252 figura
1279 1199 1374 1252 quid
1391 1200 1434 1239 &
1450 1215 1546 1254 quo-

121 1255 248 1295 modo
265 1252 307 1293 fit
323 1252 407 1292 satis
425 1251 610 1308 superque
625 1264 826 1309 exponant
841 1283 849 1291 .

177 1311 229 1351 ΙΙ.
261 1310 325 1349 Ad
359 1308 511 1364 tethyas
541 1310 584 1348 &
615 1309 843 1349 holothuria
873 1307 1071 1351 referenda
1100 1309 1153 1350 est
1180 1325 1308 1366 penna
1337 1314 1544 1358 marina-‚2

122 1365 183 1407 seu
212 1365 384 1407 mentula
414 1366 544 1409 alata,
578 1380 676 1420 quae
707 1367 807 1406 inter
834 1368 947 1406 maris
973 1377 1230 1422 purgamenta
1245 1367 1332 1422 post
1348 1370 1541 1422 procellas

122 1425 179 1463 uti
206 1425 247 1463 ὃς
278 1436 417 1476 corpus
441 1421 626 1476 superiori
643 1422 810 1463 articulo
828 1422 1065 1479 descriptum
1080 1424 1164 1464 heic
1182 1425 1379 1464 interdum
1395 1430 1542 1480 reperi-

119 1490 185 1519 tur
200 1510 210 1525 ,
243 1480 290 1520 de
307 1493 382 1532 qua
399 1477 621 1519 consulatur
638 1478 895 1519 Rondeletius
911 1480 964 1529 (b)
983 1507 989 1514 -
1008 1471 1220 1521 samm&
1235 1474 1386 1533 W
1395 1472 1535 1538 fl‘ff
1548 1508 1555 1514 .

178 1537 249 1575 ΠΙ.
282 1536 483 1588 Qoniam
500 1534 712 1590 posteriora
731 1535 825 1574 haec
842 1548 1011 1588 corpora
1029 1563 1038 1578 ‚
1065 1551 1164 1590 quae
1182 1539 1220 1576 in
1238 1536 1310 1577 hac
1328 1539 1442 1578 tertia
1458 1554 1542 1593 par-

122 1604 162 1632 te
179 1590 441 1645 descripsimus
457 1620 466 1635 ‚
496 1593 539 1631 &
566 1606 606 1631 re
623 1621 634 1636 ‚
659 1593 701 1630 &
718 1592 936 1631 nominibus
953 1594 1095 1645 parteis
1113 1595 1159 1631 ad
1179 1594 1467 1645 generationem
1485 1596 1542 1635 di-

122 1659 225 1688 catas
241 1649 537 1701 quodammodo
554 1646 723 1686 referunt
738 1675 748 1690 ,
779 1660 920 1699 corpus
937 1646 1137 1698 quoddam
1166 1649 1205 1686 in
1236 1651 1467 1689 memoriam
1483 1666 1542 1691 re-

122 1714 241 1744 vocat
270 1718 291 1741 a
322 1717 382 1741 me
415 1704 515 1741 inter
545 1702 658 1739 maris
690 1712 948 1753 purgamenta
976 1700 1074 1739 olim
1105 1714 1329 1756 repertum,
1362 1706 1466 1757 quod
1498 1709 1542 1746 ὅ(

125 1770 211 1798 tota
228 1757 391 1802 facie,&
409 1756 572 1796 humore
590 1754 750 1800 viscoso,
766 1770 882 1808 quem
899 1757 1000 1795 intus
1017 1758 1263 1801 continebat,
1281 1758 1539 1803 allantoidem

121 1815 329 1854 brutorum
361 1826 451 1850 cum
486 1810 619 1849 urachi
648 1810 758 1862 apice
782 1809 1053 1861 perfestiffime
1078 1813 1410 1866 repraesentabat.
1442 1818 1537 1857 Cito

121 1869 322 1909 emarcuit,
340 1866 382 1904 &
398 1878 607 1918 operarum
633 1863 786 1905 defecstu
803 1866 913 1919 pingi
931 1876 1024 1905 tunc
1041 1880 1120 1906 non
1138 1870 1271 1920 potuit
1288 1899 1295 1907 .
1325 1871 1474 1910 Verum
1490 1887 1537 1913 ne

120 1924 288 1965 multum
307 1921 499 1961 excrescat
515 1921 645 1961 oratio
662 1920 788 1960 nostra
804 1949 815 1963 ‚
842 1920 933 1960 huic
952 1924 1178 1962 tractationi
1202 1923 1250 1964 de
1278 1925 1389 1965 rebus
1411 1929 1535 1969 minus

120 1981 222 2019 notis
237 1976 354 2018 finem
378 1979 498 2018 modo
531 1979 769 2030 imponimus
786 2005 796 2020 ‚
828 1977 870 2016 ὅ(
898 1976 946 2017 ad
971 1977 1114 2020 aestum
1140 1981 1333 2023 marinum
1360 1984 1532 2025 animum

119 2036 379 2076 convertimus
395 2063 406 2080 ‚
436 2047 480 2075 ut
495 2032 613 2075 fidem
629 2032 796 2074 nostram
811 2033 1016 2075 liberemus
1034 2065 1041 2073 .

1433 2380 1526 2418 CO-

146 2465 184 2496 (a)
205 2465 258 2504 Lib.
272 2466 302 2492 de
315 2465 404 2502 Irrftffz‘.
419 2465 444 2494 ὁ·
455 2467 583 2506 Zoopkyz.
598 2478 652 2503 cap.
668 2478 715 2496 xvi
725 2478 732 2494 x
742 2477 763 2496 x.

144 2499 186 2531 (b)
204 2499 303 2528 Ihzdem
315 2511 369 2536 cap.
384 2510 497 2529 xxxiii.
