2125 2915
462 180 827 223 APPENDIX
873 178 1228 220 SECVNDA·
1497 194 1544 228 97

127 283 188 314 tur
207 304 216 319 ,
231 287 329 327 quae
345 268 430 326 ipsis
447 270 602 311 videtur
620 269 869 310 incommoda
887 298 895 312 ,
917 272 954 310 in
972 283 1137 325 pronam
1150 299 1159 313 ,
1181 265 1402 321 supinamve
1422 265 1548 306 subito

125 330 161 372 se
192 331 381 382 dejiciunt
405 328 546 366 aculeis
576 327 650 366 illis
681 355 692 370 ‚
724 325 786 366 sed
817 338 926 366 extra
952 341 1092 380 aquarn
1125 338 1205 364 non
1239 323 1545 376 progrediuntur

126 400 313 440 umquam
331 413 341 428 ,
368 395 412 424 ut
428 397 476 423 ex
491 385 664 438 repetitis
689 382 1024 423 observationibus
1042 413 1052 428 ,
1082 395 1175 436 quas
1192 381 1354 421 Liburni
1385 378 1545 421 institui.

127 439 480 496 compertiffimum
506 439 632 480 habeo
649 468 656 476 .
677 441 733 480 Vt
750 441 869 493 igitur
885 439 1190 494 progrediantur
1205 451 1253 476 ex
1269 449 1439 490 corpore
1463 438 1546 476 uni-

126 497 235 539 verso
260 500 459 537 innumera
475 498 635 536 Cornua
662 495 775 537 instar
804 511 941 537 eorum
959 524 969 538 ,
998 509 1096 549 quae
1127 494 1211 534 sunt
1237 494 1277 532 in
1307 494 1437 548 capite
1469 494 1552 532 Coa

126 554 326 594 chlearum
345 582 355 595 ,
379 568 476 607 quae
505 555 610 593 cerni
634 551 790 607 poffunt
808 552 943 593 eadem
969 549 1093 606 figura
1120 550 1186 590 sub
1204 549 1343 589 litteris
1360 563 1382 588 a
1398 563 1496 588 aaa
1511 563 1545 588 a.

126 613 232 651 Haec
249 613 410 650 Cornua
433 609 545 649 nudis
562 609 684 649 oculis
709 619 902 662 apparent
927 609 1068 648 conica
1092 621 1184 647 cum
1216 606 1348 659 aliqua
1376 604 1546 645 umbella

125 669 166 707 in
183 669 329 708 vertice
346 697 356 712 ,
383 665 443 706 sed
459 665 578 705 oculo
594 676 748 705 armato
772 662 796 704 fi
813 662 1110 717 conspiciantur
1127 694 1136 707 ‚
1168 663 1279 701 nodis
1297 660 1382 701 sunt
1398 659 1549 701 interse-

126 725 190 764 ἀεὶ
207 754 216 767 ,
246 725 313 777 qui
342 723 436 763 nodi
452 722 530 762 albi
546 733 740 776 apparent
759 749 766 756 -
798 719 912 762 Hisce
932 721 1127 761 Cornibus
1145 719 1265 759 veluti
1299 718 1465 758 totidem
1485 731 1553 771 pe-

128 780 240 819 dibus
275 780 461 819 incedunt
476 778 613 818 Echini
637 780 676 817 in
706 792 808 831 aqua
838 779 985 817 marina
1021 773 1186 816 immersi
1204 804 1215 819 ,
1243 776 1285 813 ὅ(
1311 776 1416 815 resta
1446 774 1554 815 velo-

128 839 304 887 citerque
329 835 541 877 incedunt;
569 836 650 874 imo
667 863 677 877 ,
704 831 731 873 fi
749 833 856 873 lubet
874 863 883 878 ‚
910 834 1160 876 iiscornibus
1186 831 1344 871 haerent
1368 829 1476 871 solo,
1507 831 1551 868 &

129 892 267 930 catinis
298 904 396 943 aqua
415 891 536 944 plenis
553 921 562 934 ,
591 901 635 929 ut
652 887 677 929 si
693 891 844 929 catinus
869 890 1114 943 aliquantum
1132 888 1338 928 inclinetur
1354 918 1363 932 ‚
1381 886 1448 942 ipsi
1465 886 1553 926 hae-

129 957 215 985 rent
238 946 423 986 lateribus
454 948 604 988 catini,
631 961 678 986 ne
709 946 921 986 decidant·
955 948 1009 986 Ex
1027 947 1160 985 catino
1187 959 1343 999 quoque
1376 943 1460 997 ipso
1486 957 1553 983 ex-

129 1014 223 1042 eunt
251 1000 318 1042 nisi
335 1004 535 1057 operiatur
550 1033 559 1046 ‚
585 1012 625 1041 at
639 1014 751 1042 extra
773 1016 914 1056 aquam
946 1002 1122 1042 incedere
1138 1013 1334 1055 nequeunt
1348 1029 1357 1043 ‚
1391 999 1451 1040 sed
1472 1012 1549 1040 tan-

130 1069 215 1099 tum
238 1059 390 1099 aculeos
409 1069 560 1099 motant
578 1086 588 1101 ‚
618 1060 661 1098 &
678 1087 687 1101 ‚
711 1069 755 1099 ut
770 1059 878 1103 dixi,
903 1057 927 1099 si
947 1061 983 1099 in
1015 1070 1169 1113 partem
1196 1057 1397 1098 lateralem
1427 1056 1553 1097 collo-

130 1128 268 1155 centur
286 1143 294 1157 ,
328 1114 455 1156 statim
474 1115 506 1154 se
529 1115 670 1155 aculeis
687 1114 757 1156 suis
775 1117 812 1154 in
832 1127 982 1169 partem
1000 1130 1166 1171 pronam
1186 1142 1195 1157 ,
1227 1126 1295 1154 aut
1313 1112 1487 1168 supinam
1517 1110 1552 1151 se

131 1172 374 1214 obvertunt,
403 1171 467 1211 <sed
486 1172 714 1227 plerumque
743 1174 781 1212 in
807 1187 995 1227 pronam,
1026 1186 1114 1211 nam
1142 1185 1211 1210 ore
1243 1183 1373 1222 prono
1403 1165 1552 1223 semper

129 1225 331 1267 observavi
355 1228 532 1268 incedere
547 1258 556 1273 ‚
571 1229 615 1266 ὃς
630 1229 788 1281 quando
804 1229 1001 1269 incedunt,
1020 1237 1113 1266 tunc
1132 1227 1316 1264 immotos
1334 1255 1344 1270 ‚
1370 1225 1412 1264 ὅς
1428 1225 1554 1265 radia-

130 1285 203 1322 tim
232 1282 407 1323 extensos
425 1295 559 1324 tenent
588 1284 767 1324 aculeos.
800 1285 1000 1324 Strudtura
1012 1281 1132 1322 Testae
1149 1281 1386 1321 Echinorum
1404 1280 1554 1322 constat

131 1354 181 1380 ex
195 1341 329 1380 decem
344 1340 567 1394 Triangulis
597 1339 803 1394 sphaericis
820 1370 830 1385 ,
854 1354 1021 1394 quorum
1039 1341 1208 1393 quinque
1225 1338 1449 1379 alternatim
1466 1338 1553 1378 sunt

133 1399 309 1449 majora,
335 1397 563 1450 &quinque
588 1397 741 1436 minora
778 1424 784 1431 -
815 1397 929 1448 Qae
959 1398 1108 1448 majora
1142 1394 1227 1435 sunt
1258 1397 1379 1449 magis
1411 1394 1553 1434 aculeis

132 1451 220 1494 sunt
245 1454 420 1496 donata,
445 1451 508 1493 sed
524 1453 740 1506 Triangula
771 1455 924 1493 minora
954 1452 1208 1493 foraminibus
1247 1453 1424 1507 praedita
1450 1449 1552 1496 sunt.

132 1524 201 1562 per
231 1524 328 1562 quae
352 1520 497 1548 exeunt
512 1512 672 1548 Cornua
700 1509 791 1552 illa,
822 1508 882 1547 seu
911 1510 1026 1562 pedes
1044 1538 1053 1553 ,
1081 1511 1149 1563 qui
1178 1508 1338 1548 ducenti
1367 1509 1410 1546 ὃ(
1439 1509 1553 1562 quin-

132 1566 319 1616 quaginta
343 1562 429 1601 sunt
453 1564 492 1601 in
521 1562 700 1616 quolibet
725 1563 946 1617 Triangulo
972 1591 981 1605 ,
1022 1577 1141 1616 quare
1171 1577 1374 1603 numerum
1408 1565 1554 1617 pedum

133 1620 210 1660 erit
240 1617 341 1659 ultra
370 1618 478 1659 mille
506 1620 549 1658 δε
579 1618 770 1658 ducentos
799 1621 838 1658 in
854 1619 1032 1672 quolibet
1048 1619 1224 1663 Echino;
1247 1619 1442 1660 Numerus
1460 1635 1556 1661 vcro

131 1674 356 1715 aculeorum
375 1703 384 1718 ,
412 1673 583 1728 quisunt
618 1686 698 1714 tarn
727 1676 766 1713 in
784 1676 983 1730 triangulis
1010 1675 1221 1727 majoribus
1238 1703 1246 1716 ,
1278 1690 1395 1728 quam
1428 1677 1467 1715 in
1485 1678 1555 1716 mi-

133 1733 318 1775 noribus,
345 1733 422 1772 erit
451 1731 500 1771 ad
529 1732 609 1771 duo
640 1730 762 1771 millia
791 1732 833 1770 &
852 1732 978 1771 ultra.
1010 1731 1169 1785 Singula
1196 1730 1411 1785 Triangula
1436 1759 1446 1775 ‚
1478 1746 1556 1786 qua

132 1791 284 1841 majora
299 1816 309 1830 ‚
335 1803 412 1840 qua
427 1789 582 1826 minora
610 1785 789 1825 bifariam
805 1787 1035 1826 dividuntur
1052 1815 1062 1829 ‚
1093 1801 1212 1840 quare
1235 1802 1284 1828 ex
1309 1789 1452 1841 viginti
1467 1788 1558 1829 Tri-

131 1844 280 1897 angulis
311 1843 567 1895 componitur
591 1839 766 1881 universa
779 1840 891 1882 Testa
919 1841 1194 1896 cujuscumque
1225 1843 1388 1883 Echini.
1422 1845 1554 1884 Partes

128 1900 271 1939 horum
286 1897 592 1951 Triangulorum
619 1896 844 1951 praesertim
869 1899 1081 1952 majoribus
1122 1913 1200 1938 non
1228 1898 1435 1953 perforatis
1469 1899 1557 1940 sunt

131 1955 360 2009 plerumque
389 1954 634 2010 heptagonae
650 1981 661 1996 ‚
688 1966 731 1993 ut
750 1953 879 1995 videre
895 1954 948 1994 est
979 1957 1018 1994 in
1036 1953 1161 2010 figura
1176 1958 1220 1996 C.
1236 1956 1388 1996 Tabula
1405 1958 1435 1996 l·
1467 1959 1557 1998 Par·-

131 2024 187 2050 tes
219 2010 435 2064 perforatae
472 2010 556 2051 sunt
587 2011 816 2065 plerumque
847 2013 1087 2065 Hexagonae
1115 2039 1125 2054 ‚
1168 2022 1213 2052 ut
1253 2023 1361 2067 patet
1405 2027 1453 2054 ex
1494 2028 1557 2054 ea-

131 2067 219 2107 dem
245 2065 366 2121 figura
384 2095 393 2110 ‚
425 2069 468 2107 ὃς
497 2083 544 2108 ex
560 2068 737 2109 Partibus
769 2067 843 2107 istis
876 2068 1082 2122 perforatis
1112 2069 1155 2107 ὃς
1186 2070 1384 2125 imperviis
1413 2072 1556 2111 Trian-

134 2124 268 2178 gulum
302 2123 543 2178 sphaericum
568 2126 605 2164 Β.
634 2123 831 2178 consurgit
862 2125 900 2163 in
925 2126 1061 2166 eadem
1084 2125 1237 2166 Tabula
1253 2127 1282 2164 Ι.
1313 2125 1526 2183 expressum
1544 2158 1553 2171 ,

133 2194 212 2233 quo
242 2195 330 2221 cum
355 2182 398 2221 &
421 2196 513 2222 cum
544 2181 627 2221 aliis
657 2193 826 2235 quatuor
858 2192 943 2222 tota
978 2181 1214 2223 construitur
1244 2181 1358 2224 Testa
1388 2184 1546 2224 Echini.

132 2238 289 2277 Praeter
306 2237 371 2277 ista
389 2253 486 2292 pene
512 2241 714 2279 innumera
732 2238 922 2279 foramina
942 2270 950 2284 ‚
981 2254 1029 2281 ex
1045 2240 1181 2293 quibus
1214 2239 1413 2293 prodeunt
1438 2241 1553 2295 pedes

131 2292 188 2331 illi
215 2292 360 2347 copiosi
377 2323 385 2336 ‚
413 2297 548 2336 decem
581 2297 655 2336 alia
686 2295 876 2335 foramina
908 2297 1042 2351 paullo
1066 2300 1217 2349 majora
1247 2295 1334 2337 sunt
1362 2298 1411 2338 ad
1439 2299 1556 2338 verti-

128 2363 213 2389 cem
244 2350 445 2405 Trianguli
475 2351 750 2407 cujuscumque
781 2367 853 2407 pro
882 2353 1102 2394 exclusione
1117 2354 1296 2394 Ovorum
1315 2382 1325 2396 ‚
1358 2367 1456 2408 quae
1471 2355 1554 2395 col-

127 2405 256 2446 locata
285 2405 371 2448 sunt
397 2410 436 2449 in
459 2423 571 2464 parte
602 2424 778 2452 concava
795 2409 1105 2464 Triangulorum
1136 2410 1295 2451 illorum
1329 2413 1523 2463 majorum
1542 2444 1552 2458 ‚

919 2469 958 2509 N
1494 2467 1555 2510 seu
