2145 2910
446 186 1288 230 AESTVSMARITIMI
1532 192 1585 235 69

144 291 233 317 rum
263 273 574 317 exundationum
604 276 713 315 Mare
743 276 871 327 potius
907 271 1142 312 Fluminibus
1167 269 1393 324 obsequitur
1422 297 1432 313 ‚
1470 270 1588 321 quarn

146 333 322 374 Flumina
338 360 349 376 ‚
383 341 426 370 ut
442 345 512 384 par
528 343 611 371 erat
628 361 637 376 ‚
667 332 771 372 Mari
794 329 1079 385 obsequantur.

532 440 1208 485 SCHOLIVMII.

150 561 197 646 Ι
214 561 252 600 Ν
284 558 603 613 praecedentibus
634 556 802 598 aliorum
829 554 1167 597 observationibus
1194 554 1237 594 ὅ(
1267 550 1402 593 nostris
1432 550 1595 593 ostendi-

227 629 309 655 mus
340 617 499 667 quidem
529 615 659 668 primo
685 613 777 652 loco
807 611 1083 652 Hadriaticum
1104 609 1227 650 smum
1253 623 1388 651 revera
1417 610 1596 663 proprie-

150 683 246 713 tates
278 672 436 724 alicujus
454 668 788 713 Fluentihabere;
820 683 923 708 nunc
939 666 1200 709 vero&alias
1228 667 1489 721 proprietates
1517 667 1596 718 ejus

150 729 433 770 declarabimus
452 755 463 771 ,
492 741 590 781 quae
621 724 843 766 fluminibus
875 723 961 765 sunt
990 723 1110 764 veluti
1140 721 1384 763 secundariae
1410 754 1417 761 .
1448 725 1495 762 Et
1522 720 1595 762 hae

152 783 241 824 sunt
272 783 387 823 Alvei
418 785 591 823 Elevatio
622 811 632 825 ,
663 782 861 823 Mutatio,
895 778 1105 822 Corrofio,
1133 779 1296 819 Alluvio
1327 810 1333 816 .
1360 781 1408 818 Et
1437 777 1487 818 ad
1520 779 1597 833 pri-

153 854 257 879 mam
289 840 397 891 quod
429 839 571 878 attinet
601 836 786 877 fatebitur
817 835 975 890 quisque
1002 834 1108 874 sanus
1134 837 1230 874 &in
1246 835 1302 874 his
1319 836 1429 875 rebus
1446 834 1507 875 vel
1524 848 1602 874 me-

152 895 342 933 diocriter
374 896 514 934 doetus
544 908 650 933 mare
676 892 849 932 nostrum
881 892 1078 932 elevatum
1106 889 1177 930 effe
1206 892 1246 930 in
1275 890 1385 931 alveo
1417 889 1508 936 suo,
1538 888 1601 931 seu

152 949 314 990 fundum
332 951 412 1000 ejus
430 950 550 988 modo
581 949 651 989 effe
680 949 859 988 altiorem
890 951 1009 1003 quam
1038 946 1156 987 fuerit
1182 958 1295 987 antea
1311 977 1321 993 ,
1346 947 1386 988 id
1415 961 1462 987 ue
1486 957 1600 1002 patet

153 1006 217 1048 vel
249 1019 297 1046 ex
320 1006 476 1046 Cloacis
508 1003 592 1058 ipsis
619 1005 736 1044 Vrbis
769 1002 944 1047 nostrae,
974 1017 1042 1057 per
1071 1017 1165 1058 quas
1197 1006 1376 1058 aquae&
1416 1005 1529 1044 ordes
1559 1004 1600 1043 in

154 1063 339 1116 proxima
357 1062 517 1103 flumina
533 1089 543 1104 ,
574 1063 617 1101 ὃς
647 1075 713 1116 per
737 1060 832 1101 haec
865 1063 905 1101 in
936 1075 1042 1101 mare
1057 1059 1278 1101 defluebant
1294 1091 1304 1106 ,
1330 1061 1489 1115 quando
1505 1060 1601 1099 Viae

156 1119 272 1157 Vrbis
301 1127 470 1170 quatuor
495 1117 656 1172 pedibus
674 1119 716 1158 ὃς
731 1118 893 1172 amplius
922 1127 1033 1157 erant
1056 1116 1330 1171 profilndiores
1349 1144 1359 1159 ,
1390 1120 1509 1169 quam
1526 1129 1607 1155 mo-

159 1174 213 1213 do
241 1171 314 1212 sint
332 1203 342 1216 ,
372 1184 417 1213 ut
444 1172 646 1213 manifesto
675 1172 944 1228 cognoscimus
973 1187 1020 1214 ex
1048 1175 1217 1226 antiquis
1234 1170 1400 1211 filicibus
1417 1172 1604 1211 aRoma-

159 1230 218 1269 nis
247 1230 286 1267 in
315 1227 519 1268 sternendis
550 1231 621 1268 viis
657 1228 787 1283 positis
817 1258 826 1272 ‚
859 1232 926 1282 qui
951 1231 990 1268 in
1019 1227 1255 1268 exstruendis
1287 1228 1397 1268 novis
1428 1227 1603 1268 Aedibus

160 1282 297 1339 paffim
325 1283 565 1325 effodiuntur
581 1313 590 1327 ,
619 1286 662 1324 &
686 1299 734 1325 ex
761 1285 999 1325 Pavimentis
1015 1282 1225 1324 Teffellatis
1242 1293 1416 1324 veterum
1434 1283 1607 1324 Aedium

164 1343 206 1381 ὃς
223 1341 431 1382 Curiarum
460 1342 576 1381 Vrbis
593 1369 603 1383 ,
634 1355 732 1395 quae
763 1342 899 1381 itidem
928 1339 1123 1396 profunde
1153 1338 1304 1394 sepulta
1333 1342 1607 1394 reperiuntur3

165 1408 296 1437 tamen
324 1411 424 1438 nunc
454 1411 575 1451 aquae
602 1398 646 1437 &
675 1395 802 1437 sordes
834 1399 937 1438 urbis
971 1399 1039 1439 vix
1071 1412 1137 1452 per
1166 1396 1334 1437 Cloacas
1364 1398 1404 1436 in
1426 1399 1608 1452 proxima

164 1452 324 1494 flumina
357 1455 400 1494 &
435 1469 540 1495 mare
571 1452 723 1509 poffunt
752 1452 948 1495 confluere
977 1482 988 1498 ,
1016 1465 1062 1493 ut
1090 1454 1181 1494 urbs
1212 1463 1448 1509 expurgetur
1478 1480 1488 1496 ,
1519 1453 1611 1493 licet

168 1522 282 1550 tanto
314 1510 433 1552 altior
463 1509 509 1550 sit
535 1510 661 1553 facta,
692 1520 738 1550 ut
762 1512 848 1550 viae
880 1510 1069 1564 plurimae
1097 1511 1202 1550 urbis
1234 1524 1480 1564 quacumque
1505 1511 1613 1549 tenui

172 1563 345 1604 fluminis
386 1566 558 1604 Arimini
596 1564 860 1604 exundatione
898 1567 1004 1618 aquis
1042 1566 1342 1617 compleantur,
1387 1564 1611 1621 praesertim

170 1620 266 1659 duae
283 1621 539 1674 Caudalunga
574 1622 617 1659 ὃς
644 1619 787 1659 Clodia
817 1620 944 1660 dietae
972 1647 981 1663 ,
1020 1635 1118 1674 quae
1145 1619 1419 1674 posterioribus
1445 1622 1611 1662 Saeculis
1654 1613 1657 1615 μ

172 1690 247 1715 una
275 1691 364 1716 cum
394 1676 478 1714 aliis
508 1675 724 1714 minoribus
753 1674 846 1714 loco
874 1673 1047 1715 inferiori
1064 1674 1246 1715 &versus
1262 1690 1368 1715 mare
1397 1679 1522 1717 minus
1556 1676 1613 1716 sa-

174 1733 326 1784 pienter
356 1732 455 1770 Vrbi
484 1729 638 1770 fuerunt
661 1729 859 1781 adjectae,
887 1745 1007 1784 quum
1037 1731 1165 1785 potius
1184 1728 1208 1769 si
1227 1729 1504 1784 amplificanda
1535 1731 1615 1772 fue-

174 1798 237 1826 rat
263 1788 363 1826 Vrbs
380 1816 390 1830 ,
419 1801 500 1824 non
516 1799 562 1823 eo
579 1787 618 1822 in
635 1785 726 1823 loco
744 1812 754 1825 ,
785 1784 849 1823 sed
873 1785 996 1824 versus
1014 1787 1184 1824 Monteis
1201 1786 1388 1827 debuerat
1404 1785 1618 1842 amplifica-

173 1844 231 1882 ri.
259 1843 390 1893 Qare
414 1850 525 1894 patet
542 1840 690 1878 acutius
721 1838 954 1893 prospexisse
981 1841 1184 1879 Romanos
1214 1844 1252 1880 in
1282 1843 1377 1882 urbe
1406 1844 1531 1883 nostra
1554 1859 1617 1884 ex-

174 1896 349 1937 struenda
366 1927 375 1941 ,
407 1898 522 1949 quam
547 1893 717 1949 posteros
749 1896 788 1934 in
817 1910 861 1936 ea
887 1892 1191 1950 amplificanda,
1217 1912 1339 1951 quum
1369 1896 1496 1953 spatio
1523 1900 1619 1939 duo-

174 1967 262 1993 rum
293 1952 458 1993 millium
488 1966 679 1991 annorum
695 1952 738 1990 &
752 1950 916 2005 amplius
941 1953 1039 1992 Vrbs
1057 1952 1122 1992 illa
1138 1965 1247 1994 vetus
1266 1970 1288 1994 a
1305 1956 1497 1996 Romanis
1526 1970 1619 1996 con-

176 2008 258 2049 dita
287 2023 498 2063 numquam
529 2009 635 2061 aquis
663 2005 866 2048 fluminum
896 2010 938 2048 ὃς
967 2023 1094 2049 coeno
1118 2008 1234 2050 fuerit
1257 2012 1485 2065 inquinata;
1515 2015 1622 2053 Con-

176 2074 238 2106 tra
266 2081 359 2106 vero
382 2067 480 2106 Viae
504 2066 678 2116 adjectae
695 2095 705 2109 ,
733 2065 775 2103 &
794 2064 934 2105 Portus
952 2079 1096 2106 novum
1115 2067 1348 2108 Suburbium
1365 2070 1520 2122 penitus
1550 2069 1622 2109 ho-

177 2121 238 2162 die
262 2134 490 2178 mergantur
507 2152 516 2166 ,
539 2123 582 2161 &
609 2132 739 2161 tamen
768 2135 869 2161 nova
886 2121 981 2163 haec
999 2118 1190 2162 Aedificia
1217 2126 1336 2165 trium
1361 2124 1419 2166 vel
1449 2136 1621 2179 quatuor

175 2176 410 2219 saeculorum
443 2190 613 2220 aetatem
648 2179 716 2217 vix
744 2175 951 2232 superant·
984 2179 1157 2218 Tantum
1190 2194 1296 2221 mare
1325 2184 1368 2222 ὃς
1396 2183 1526 2221 vicina
1555 2180 1620 2222 flu-

175 2236 280 2275 mina
310 2237 349 2275 in
377 2236 488 2277 alveo
519 2234 586 2276 suo
616 2236 760 2288 jugiter
791 2234 992 2276 elevantur
1017 2245 1023 2275 !
1054 2236 1177 2288 Hujus
1212 2239 1268 2277 rei
1300 2238 1425 2279 cauffa
1453 2237 1523 2278 effe
1553 2254 1645 2293 po⁴,

177 2290 248 2331 test
280 2293 438 2335 Arena,
471 2292 641 2337 Glarea,
670 2292 712 2330 &
743 2294 886 2332 Lutum
913 2294 1070 2347 ingens,
1094 2306 1198 2346 ‚quae
1228 2295 1268 2333 in
1299 2295 1621 2335 exundationibus
1728 2320 1736 2328 ·
1788 2304 1797 2314 ⁸

175 2344 300 2387 secum
330 2348 525 2390 advehunt
562 2347 722 2390 flumina
758 2346 885 2389 nostra
916 2377 926 2392 ‚
971 2363 1068 2402 quae
1100 2351 1218 2390 etiam
1262 2351 1338 2392 levi
1375 2364 1622 2406 quacumque

174 2401 310 2444 Pluvia
335 2419 460 2446 coeno
492 2407 648 2448 turbida
671 2416 883 2461 apparent.
910 2405 1123 2449 Observavi
1153 2408 1255 2449 enim
1285 2422 1361 2448 una
1388 2422 1478 2448 cum
1504 2407 1624 2458 Joan.

1477 2477 1525 2505 ne
1540 2464 1626 2506 Ma-
