2125 2915
450 194 929 237 APPENDIX
987 190 1294 233 PRIMA.
1557 197 1607 237 87

144 283 362 326 Turbinum
390 279 476 322 sunt
492 283 761 337 Operculum.
795 280 993 335 Purpurae
1023 294 1143 323 vero,
1172 280 1216 319 ὅ(
1236 276 1461 333 praesertim
1472 277 1607 321 Recti-

142 339 286 382 rostrae
302 368 312 384 ‚
345 353 442 393 quae
460 340 565 393 apud
594 355 663 380 nos
681 336 945 393 vulgatiffima
969 336 1022 377 est
1038 365 1047 380 ‚
1080 338 1122 377 δί
1139 335 1207 377 sub
1237 338 1393 376 nomine
1408 335 1523 376 Clavi
1538 350 1607 377 co-

141 395 342 453 gnoscitur
359 395 480 451 vulgo
497 397 623 438 Chiodo
638 425 649 440 ‚
667 394 912 451 operculum
938 393 991 435 est
1010 394 1235 448 Ellipticum
1255 424 1266 439 ,
1292 392 1356 433 sed
1372 391 1580 434 distortum
1595 426 1606 441 ,

140 454 188 494 ad
206 453 357 508 'ungues
389 453 576 493 odoratas
596 485 607 500 ,
635 453 699 495 seu
731 453 967 493 aromaticas
996 450 1256 492 officinarum
1286 451 1603 492 amandandum.

140 509 363 550 Gualterius
381 510 584 551 Strombos
615 521 736 553 vocat
752 510 943 551 Turbines
970 507 1057 548 istos
1087 507 1272 563 digitatos
1290 537 1300 552 ,
1330 510 1373 548 ὃ(
1402 506 1605 548 Rondele-

139 568 237 606 tium
249 596 259 612 ‚
277 563 378 620 quafi
394 581 458 607 eos
474 566 524 608 fic
548 567 716 608 vocasset
731 594 741 610 ‚
770 564 821 607 fic
837 565 931 606 alibi
950 564 1201 618 Rumphium
1216 592 1227 606 ‚
1254 564 1298 603 &
1314 578 1376 605 me
1391 594 1401 609 ,
1432 562 1602 618 aliosque

137 624 238 663 citat
253 652 265 668 ‚
294 624 361 676 qui
377 624 455 664 alio
470 626 628 665 nomine
643 622 754 664 hasce
772 636 830 664 res
847 622 1077 662 vocavimus
1091 648 1102 663 ‚
1132 621 1245 660 &ita
1261 621 1387 661 bonus
1403 619 1470 660 ille
1486 621 1603 661 Gual-

137 681 254 719 terius
272 680 434 733 antiqua
450 683 612 721 nomina
629 682 748 723 vertit
765 707 775 722 ‚
804 679 848 718 ὃ(
866 680 998 734 inepte
1013 677 1257 717 Auctoribus
1282 677 1364 717 aliis
1381 678 1521 718 tribuit
1536 708 1544 715 .

189 735 263 775 XV.
295 736 380 791 Pag.
404 751 464 786 19.
482 742 520 778 in
540 738 618 792 fine
632 738 719 793 Cap.
736 735 817 776 ΧΠ.
843 734 1051 776 conchula
1076 733 1175 774 haec
1199 734 1364 775 minima
1381 736 1488 775 arcte
1513 733 1602 774 inse

132 801 322 835 contorta
335 794 542 833 Concham
568 795 789 834 Veneream
818 791 1117 845 quodammodo
1150 789 1314 832 referens
1346 789 1601 845 frequentiffi-

134 861 199 887 ma
228 847 280 888 est
309 849 349 887 in
373 849 597 890 Sedimento
620 850 785 889 Littoris
817 845 1085 892 Liburnenfis,
1114 858 1158 887 ut
1181 847 1265 887 dixi
1296 849 1336 888 in
1365 847 1600 901 Appendice

131 902 396 957 Phytobasani
420 919 443 945 a
471 920 533 945 me
549 904 670 947 recufi
690 904 758 945 sub
773 918 939 945 numero
955 903 1026 943 IV.

187 960 282 1000 XVI.
315 961 403 1015 Pag·
422 975 479 1001 21·
498 963 522 1001 l.
545 974 577 1012 ς.
608 960 848 1002 Excrescunt
878 960 1037 1015 quidem
1055 963 1094 1002 in
1112 963 1211 1003 mari
1240 959 1372 1003 nostro
1388 960 1524 1002 Echini
1540 958 1600 1000 isti

132 1017 262 1071 nigri,
294 1018 338 1056 &
361 1017 557 1057 interdurn
583 1020 636 1057 ita
670 1015 867 1071 assurgunt
883 1047 895 1063 ,
922 1029 968 1057 ut
992 1032 1083 1058 cum
1114 1016 1376 1072 superioribus
1393 1047 1404 1062 ‚
1434 1019 1502 1073 qui
1517 1019 1601 1058 Me-

130 1073 237 1113 lones
264 1076 488 1113 vocitantur
506 1102 515 1116 ,
531 1072 673 1128 poffint
703 1075 927 1129 comparari
943 1101 954 1117 ,
974 1074 1016 1114 &
1034 1073 1127 1115 testa
1143 1073 1318 1115 craffiori
1334 1106 1345 1120 ,
1372 1075 1602 1128 duriorique

130 1127 307 1169 constant
324 1157 333 1165 .
364 1130 412 1169 In
435 1126 510 1170 fine
527 1145 664 1171 eorum
697 1131 967 1171 intestinorum
992 1130 1133 1172 stercus
1158 1130 1326 1185 pilulare
1342 1132 1534 1185 reperitur
1550 1144 1600 1171 ex

128 1186 296 1225 materia
319 1197 500 1227 cretacea
517 1198 750 1228 concretum
768 1217 777 1232 ,
805 1188 913 1241 quod
940 1188 1120 1227 Battarra
1135 1186 1263 1226 noster
1279 1186 1506 1240 Petrobryis
1523 1187 1598 1226 ori·

129 1241 261 1296 ginem
278 1243 463 1296 praebere
481 1244 698 1284 arbitratur
715 1271 723 1279 ·
754 1242 923 1282 Fortaffe
941 1242 1109 1282 terrestri
1125 1240 1212 1281 luto
1227 1271 1238 1286 ,
1254 1240 1429 1296 limoque
1445 1241 1599 1284 vescun-

129 1307 192 1338 tur
209 1326 220 1341 ,
249 1299 311 1339 vel
327 1298 531 1339 conchulis
548 1330 559 1345 ‚
587 1313 687 1354 quae
713 1299 920 1339 materiam
941 1299 1133 1352 praebent
1148 1296 1309 1339 stercori
1333 1298 1390 1339 illi
1419 1298 1596 1353 pilularis

128 1350 275 1409 figurae
293 1387 300 1394 .
331 1355 482 1395 Priores
499 1356 636 1396 Echini
660 1357 825 1409 majores
840 1383 851 1398 ‚
881 1369 980 1410 quos
997 1354 1174 1396 Melones
1192 1354 1398 1409 appellant
1411 1383 1422 1399 ‚
1435 1354 1597 1397 vescun-

129 1420 194 1451 tur
216 1410 431 1453 Tubularia
455 1412 584 1454 nostra
601 1413 788 1469 Filograna
803 1411 910 1453 dista
927 1440 938 1455 ‚
968 1426 1088 1466 quam
1117 1409 1416 1466 copiofiffimam
1444 1415 1596 1453 contri—

131 1469 268 1508 tamin
290 1482 427 1510 eorum
456 1469 685 1510 ventriculis
714 1470 870 1512 inveni,
900 1470 944 1509 ὃς
960 1469 1098 1523 pilulas
1115 1470 1142 1510 ii
1158 1482 1316 1523 quoque
1343 1470 1382 1508 in
1398 1465 1475 1510 fine
1500 1470 1598 1509 inte-

129 1521 315 1564 stinorum
344 1536 516 1577 gerunt,
549 1527 607 1563 uti
636 1526 808 1563 dicemus
833 1551 845 1567 ,
880 1525 947 1564 ubi
977 1525 1026 1564 de
1053 1539 1192 1566 eorum
1220 1524 1364 1565 incestu
1397 1527 1515 1567 verba
1546 1525 1598 1566 fa*

131 1591 273 1618 clemus
290 1610 298 1617 .

185 1634 296 1674 XVII.
328 1635 413 1690 Pag.
434 1650 496 1689 23.
516 1637 579 1675 lin.
597 1650 636 1683 4.
655 1637 837 1676 Conchas
853 1636 1095 1690 Amygdalas
1124 1637 1249 1677 dic'tas
1267 1651 1358 1677 curn
1386 1652 1519 1679 earum
1536 1642 1597 1679 A-

128 1691 345 1732 nimalculo
360 1692 512 1746 optime
527 1693 652 1747 pictas
669 1721 678 1735 ‚
708 1694 750 1732 ὅ(
767 1691 900 1732 incisas
918 1693 1095 1732 dabimus
1127 1694 1166 1732 in
1178 1693 1411 1747 Appendice
1427 1693 1595 1735 secunda

130 1747 311 1789 Tab.X1.
337 1749 404 1789 ubi
430 1751 504 1789 tria
532 1747 690 1788 officula
704 1747 771 1787 illa
787 1747 932 1801 figurae
956 1747 1150 1803 prismatis
1173 1748 1457 1790 rhomboidalis
1472 1765 1595 1806 appa-

127 1805 272 1845 rebunt
288 1818 298 1847 ;
329 1806 421 1843 item
451 1805 505 1842 ibi
521 1804 769 1855 apparebunt
785 1805 859 1842 tria
874 1802 1035 1843 officula
1049 1806 1172 1844 Nucis
1193 1807 1364 1845 marinae
1380 1834 1392 1848 ‚
1421 1821 1520 1860 quae
1536 1811 1594 1848 ni-

126 1874 197 1913 gra
212 1858 322 1903 sunt,
351 1858 536 1898 &multo
566 1859 718 1898 minora
747 1872 865 1912 quam
882 1859 921 1898 in
946 1859 1196 1913 Amygdala.
1227 1861 1326 1900 Heic
1345 1872 1497 1902 tantum
1527 1865 1595 1904 ad-

127 1915 179 1954 do
195 1942 205 1956 ,
224 1916 348 1954 minus
365 1925 454 1968 apte
472 1929 494 1954 a
511 1915 703 1956 Zinannio
726 1913 972 1968 Sanguisucas
1000 1914 1106 1956 fuiffe
1132 1916 1348 1971 appellatas
1373 1917 1591 1971 hujusmodi

127 1971 310 2010 Conchas
326 2001 335 2017 ,
365 1972 471 2025 quod
495 1971 707 2025 aliquando
738 1985 798 2011 eas
814 1972 997 2025 Favagini
1016 1971 1237 2014 Aristotelis
1267 1973 1518 2016 adhaerentes
1536 1979 1593 2018 vi-

128 2026 231 2066 derit
248 2044 258 2072 ;
289 2026 391 2082 ipsae
406 2030 510 2068 enim
529 2059 538 2073 ‚
561 2039 605 2069 ut
623 2025 737 2082 supra
753 2029 887 2075 innui,
918 2027 1123 2070 vescuntur
1139 2027 1380 2084 potissimum
1395 2032 1591 2074 Cornibus

128 2081 382 2130 Hammonis,
414 2084 473 2126 seu
492 2084 665 2126 Nautilis
694 2082 862 2125 secundo
889 2086 980 2125 loco
1005 2100 1028 2125 a
1051 2100 1112 2125 me
1129 2085 1330 2141 descriptis
1358 2089 1488 2143 capite
1513 2099 1589 2129 ter-

129 2141 211 2180 tio.
242 2141 377 2196 Qare
405 2140 430 2182 si
459 2142 670 2197 aliquando
695 2140 971 2182 adhaerescunt
986 2143 1171 2197 Favagini
1189 2174 1199 2188 ‚
1229 2145 1269 2184 id
1294 2145 1395 2188 erit,
1428 2146 1588 2199 quando

130 2196 284 2252 Favago
313 2198 464 2253 repleta
493 2201 571 2245 est,
602 2201 643 2239 ὅ(
668 2199 893 2239 Neritarum
919 2199 1040 2240 ovula
1065 2201 1270 2246 continet,
1298 2204 1354 2242 uti
1388 2201 1586 2249 dicemus,

129 2253 222 2293 dum
246 2253 450 2308 ipsammet
467 2257 699 2311 Favaginem
756 2255 881 2295 lenam
910 2255 1167 2297 describemus
1199 2258 1335 2299 eadem
1351 2259 1500 2299 Tabula
1517 2260 1585 2298 XI.

186 2310 316 2350 XVIII·
335 2311 420 2367 Pag.
442 2328 502 2362 24.
518 2315 592 2369 Cap
621 2313 703 2352 XVI
763 2314 896 2366 Caput
911 2312 987 2353 hoc
1004 2315 1168 2354 omnino
1192 2316 1491 2369 expungendum
1507 2315 1581 2356 esti

128 2365 223 2406 Non
254 2369 358 2408 enim
387 2370 436 2409 ad
455 2370 638 2411 Conchas
659 2370 832 2410 bivalvas
861 2369 1060 2410 referenda
1086 2368 1170 2410 sunt
1195 2386 1365 2426 corpora
1395 2372 1490 2412 haec
1518 2370 1584 2413 sub

128 2419 192 2478 fig.
207 2425 255 2464 X.
271 2423 621 2483 Tab.11.expreffa
636 2456 647 2471 ,
680 2426 743 2468 sed
756 2428 925 2468 cortices
941 2424 1026 2467 sunt
1053 2426 1205 2469 seminis
1228 2427 1437 2469 Pafferinae
1465 2428 1585 2524 Trsgi

1536 2501 1581 2527 eu

1644 1636 1664 1647 a·

1682 1634 1818 1688 ‚1-5'73
