2145 2910
532 238 579 271 26
956 229 1053 268 DE
1111 226 1519 268 CONCHIS

527 316 566 354 in
597 313 714 354 Colle
743 313 873 353 Santsti
904 311 1066 352 Martini
1095 313 1135 349 in
1163 313 1305 364 viginti
1333 311 1455 365 vulgo
1479 311 1576 351 dieti
1594 340 1604 355 ,
1636 315 1704 366 qui
1738 316 1859 355 tertio
1891 326 1960 356 aut

530 382 674 425 quarto
690 369 822 423 lapide
851 369 901 409 ab
928 367 1036 407 Vrbe
1066 364 1194 406 nostra
1208 365 1323 406 distat
1340 396 1351 412 ,
1378 366 1599 419 hujusmodi
1616 370 1800 411 Dentales
1818 369 1959 413 foffiles

528 428 686 480 majoris
701 426 813 466 molis
839 426 942 464 inter
970 421 1153 463 Conchas
1183 421 1277 462 alias
1305 425 1433 463 omnis
1465 426 1638 477 generis,
1670 425 1894 481 praesertim
1920 430 1958 467 in

530 483 654 523 fundo
669 484 840 535 quodam
856 481 1082 520 Gambarellz·
1109 479 1220 519 dicto
1234 508 1245 524 ,
1263 479 1514 521 inveniuntur
1531 508 1539 516 ·
1569 482 1679 522 Vnus
1701 481 1859 523 istorum
1880 498 1962 524 rna-

528 543 657 593 jorurn
674 537 898 578 Dentalium
915 533 1094 576 foffilium
1109 535 1215 589 apud
1240 549 1301 576 me
1332 534 1384 576 est
1412 548 1584 591 quatuor
1600 537 1732 592 digitis
1749 537 1962 581 Parisienfi-

528 598 598 637 bus
614 595 749 646 longus
766 619 776 634 ‚
806 593 847 631 ἃ
864 593 941 632 oris
958 594 1037 645 ejus
1054 592 1242 632 diameter
1258 594 1354 632 octo
1370 592 1478 633 lineis
1497 605 1629 647 patens
1647 625 1656 634 .

583 651 653 689 III.
684 651 729 688 In
759 650 959 689 ‘montibus
988 650 1109 689 etiam
1140 650 1242 703 Agri
1272 649 1519 691 Bononienfis
1551 649 1846 705 frequentiss‘imi
1872 651 1960 692 sunt

524 704 709 747 Dentales
728 703 866 745 foffiles
883 733 893 748 ‚
919 717 964 744 ut
993 703 1268 760 saepenumero
1299 706 1393 746 dum
1424 707 1526 748 illeic
1557 706 1668 748 studii
1697 707 1822 749 cauffa
1845 709 1963 762 dege-

529 777 612 803 rem
630 760 835 802 observavi
852 776 928 803 una
954 776 1042 802 cum
1073 760 1245 815 Josepho
1272 764 1431 804 Montio
1462 764 1561 804 illius
1593 765 1831 805 Academiae
1848 766 1965 804 Bota-

522 822 616 859 nico
630 820 671 858 &
688 816 887 857 Historico
902 817 1086 857 Naturali
1117 816 1254 870 infigni
1273 845 1281 852 .
1315 818 1373 857 At
1388 820 1429 856 in
1445 820 1584 859 Monte
1599 820 1720 872 vulgo
1736 821 1827 859 della
1842 821 1964 860 Guar-

528 877 589 915 dia
605 876 712 915 dicto
731 888 853 929 prope
870 875 1046 914 Porticus
1064 901 1073 915 ‚
1104 873 1148 911 &
1163 872 1375 927 Templum
1393 873 1489 914 illud
1508 873 1761 930 magnificum
1780 876 1962 928 Virginis,

525 929 891 984 hujusmodiTestae
910 959 920 973 ‚
945 940 989 970 ut
1016 931 1059 969 ὃς
1089 927 1281 980 Turbines
1313 931 1440 972 varii,
1473 932 1516 971 ὃς
1545 930 1620 970 alia
1646 930 1963 984 Conchyliorum

525 1002 668 1042 genera
687 1002 735 1028 ex
752 985 950 1028 duriffimo
981 987 1024 1026 &
1052 984 1266 1041 splendenti
1297 987 1450 1026 Achate
1482 988 1582 1026 intus
1609 985 1813 1027 constant.
1847 987 1966 1026 Plura

527 1045 713 1099 exempla
728 1045 867 1084 horum
883 1043 1111 1084 Dentalium
1129 1071 1138 1084 ‚
1164 1043 1207 1081 &
1236 1042 1402 1082 aliorum
1431 1043 1745 1098 Conchyliorum
1765 1057 1814 1084 ex
1832 1043 1963 1084 Acha-

524 1111 565 1139 te
593 1101 696 1155 apud
727 1115 786 1140 me
818 1099 905 1141 sunt
923 1131 932 1145 ‚
962 1115 1062 1154 quae
1087 1100 1198 1139 dono
1224 1099 1386 1138 dederat
1403 1098 1598 1152 praefatus
1617 1099 1793 1138 Montius
1811 1098 1965 1153 postea.

525 1170 643 1210 quam
668 1171 768 1209 aqua
789 1159 896 1209 regia
927 1168 970 1197 ut
999 1166 1145 1201 vocant
1174 1169 1197 1195 a
1226 1157 1378 1195 cortice
1409 1154 1576 1194 testaceo
1604 1154 1776 1209 perbelle
1810 1153 1967 1207 expoli-

527 1224 659 1253 verat.

536 1302 772 1330 fflfflm,
791 1300 1968 1329 wmfflmfflfflffloenfflmummwwv

934 1377 992 1435 C
1019 1375 1082 1434 A
1106 1379 1148 1434 P
1174 1373 1240 1435 V
1269 1374 1327 1431 T
1412 1373 1471 1435 X
1491 1374 1567 1431 X.

528 1501 953 1538 CARYOPHYLLVS
996 1511 1110 1538 εῐνε
1150 1498 1409 1539 ἨνΝοῙτεε
1457 1510 1691 1539 MINIMVS
1738 1512 1965 1540 TVtho-

845 1568 928 1594 svs
972 1567 1221 1595 nra-oxus
1261 1558 1656 1596 Anmmmsxs.

530 1657 560 1696 Ι.
716 1655 790 1694 VC
817 1655 933 1693 etiam
964 1654 1082 1693 retuli
1109 1653 1188 1694 hoc
1212 1652 1440 1695 Testaceum
1465 1654 1737 1709 corpusculum
1755 1685 1764 1699 ‚
1780 1654 1888 1709 quod
1918 1653 1963 1693 Ii-

730 1720 794 1749 cet
823 1708 869 1749 fit
900 1710 1162 1765 Madreporae
1191 1716 1337 1763 genua,
1362 1713 1406 1750 &
1422 1710 1472 1749 ad
1487 1711 1641 1763 plantas
1668 1711 1842 1764 lapideas
1871 1725 1965 1765 pro-

527 1770 617 1810 inde
646 1779 689 1808 ut
720 1764 883 1806 corallia
921 1764 1169 1805 referendum
1198 1795 1211 1811 ‚
1248 1769 1382 1806 tamen
1411 1766 1503 1817 quia
1540 1765 1765 1806 tubulosurn
1806 1764 1882 1811 est,
1911 1765 1961 1806 ad

528 1824 709 1865 animalia
735 1823 858 1862 etiam
889 1820 1023 1860 referri
1049 1819 1201 1873 potest,
1228 1830 1279 1858 ut
1302 1822 1352 1858 ὃς
1381 1819 1635 1859 Tubulariam
1668 1820 1842 1860 referunt
1865 1836 1963 1860 non-

526 1880 646 1922 nulli.
680 1880 718 1917 Si
747 1875 871 1916 oculis
899 1877 1004 1915 vitro
1034 1873 1233 1914 instructis.
1256 1873 1519 1928 conspiciatur
1536 1902 1546 1917 ‚
1578 1888 1751 1930 apparet
1770 1890 1819 1916 ex
1836 1878 1963 1916 minu-

527 1935 674 1977 tiffimis
691 1930 982 1974 &exstantibus
1015 1931 1157 1971 tubulis
1187 1929 1365 1970 constans
1394 1931 1504 1971 velut
1532 1929 1657 1971 discus
1687 1930 1910 1972 flosculosus
1941 1947 1963 1972 a

529 1990 816 2035 Tournefortio
833 1988 959 2028 dictus
977 2018 989 2033 ‚
1010 1988 1053 2027 &
1068 2001 1149 2027 non
1164 1989 1244 2040 ejus
1260 1987 1495 2041 depravatae
1519 1984 1665 2039 figurae
1682 2015 1692 2030 ,
1722 2000 1839 2041 quam
1856 1989 1964 2042 Ope-

524 2066 593 2093 rae
616 2047 765 2090 nostrae
783 2045 868 2086 heic
887 2046 998 2085 nimis
1013 2042 1224 2085 oscitanter
1235 2041 1439 2085 finxerunt
1468 2043 1509 2082 in
1537 2042 1688 2084 Tabula
1702 2045 1754 2084 ΙΙ.
1774 2058 1878 2085 num.
1894 2046 1962 2085 IX.

527 2107 595 2148 sub
631 2105 770 2147 litteris
799 2105 847 2143 O.
865 2102 915 2142 N.
933 2103 979 2142 P.
1008 2100 1322 2157 Caryophyllum
1351 2102 1393 2141 &
1423 2100 1603 2153 Fungites
1634 2099 1828 2154 appellavi
1852 2101 1962 2154 quod

531 2160 762 2206 exstrinsece
778 2174 944 2215 parvum
961 2158 1278 2214 Caryophyllum
1295 2187 1304 2201 ‚
1335 2156 1396 2197 vel
1416 2156 1585 2211 fungites
1601 2154 1722 2196 foffile
1737 2155 1882 2197 referat
1894 2187 1903 2194 .

587 2222 640 2261 11.
672 2219 871 2269 Quoniam
888 2216 936 2256 de
951 2214 1225 2271 Caryophyllo
1256 2212 1370 2254 foffili
1397 2214 1537 2254 incidit
1553 2213 1618 2253 hic
1636 2209 1781 2258 sermo,
1811 2211 1964 2254 scireli-

531 2288 595 2319 cet
610 2274 833 2330 hujusmodi
853 2272 988 2314 foffilia
1005 2303 1015 2319 ,
1030 2271 1342 2328 Caryophyllum
1360 2271 1465 2312 dieta
1476 2298 1485 2311 ‚
1503 2270 1665 2323 reperiri
1681 2269 1904 2323 frequenter
1920 2271 1960 2309 in

530 2334 730 2375 montibus
759 2332 844 2387 agri
870 2329 989 2372 nostri
1014 2357 1024 2373 ,
1055 2330 1099 2369 &
1129 2328 1358 2384 praesertim
1387 2329 1428 2368 in
1462 2327 1602 2368 Monte
1633 2326 1763 2366 Sancti
1797 2327 1960 2367 Martini

529 2394 569 2431 in
598 2405 678 2435 xx,
707 2392 749 2430 ὃ(
766 2389 895 2429 saneti
912 2388 1073 2440 joannis
1089 2388 1130 2427 in
1147 2387 1348 2428 Galilaea.
1376 2384 1552 2423 Vocatur
1583 2396 1604 2422 a
1634 2380 1864 2436 quibusdam
1883 2384 1962 2423 Ca.

533 2445 792 2502 ryophyllum
817 2443 937 2487 foffile
952 2475 963 2491 ,
996 2454 1171 2485 ceterum
1187 2445 1356 2485 arbitror
1371 2453 1489 2498 genus
1505 2437 1576 2481 effe
1593 2437 1962 2536 Madreporaelzseu

1895 2508 1960 2535 un-
