2125 2915
412 1591 494 1638 'ss‘

513 192 558 232 84
813 188 1283 230 APPENDIX
1343 192 1660 234 PRIMA.

515 273 594 317 sani
610 271 829 314 Columnae
846 303 856 318 ‚
886 275 930 313 &
960 274 1104 313 iterum
1128 274 1217 315 heic
1247 275 1463 318 describam
1489 280 1529 318 in
1546 280 1779 335 Appendice
1810 279 1976 323 secunda

514 331 627 384 hujus
643 329 750 372 Libri
767 360 777 375 ‚
807 344 906 384 quae
927 344 984 370 res
1010 330 1101 369 alias
1118 332 1241 372 minus
1258 344 1368 374 notas
1385 335 1608 376 continebit
1624 368 1630 376 .

571 387 629 427 IV.
661 386 746 441 Pag.
767 399 801 435 9.
819 389 884 426 lin.
901 394 965 427 26.
983 387 1186 428 structura
1211 390 1361 430 interna
1383 390 1494 444 hujus
1509 391 1643 434 Testae
1662 422 1672 437 ,
1701 392 1850 435 scilicet
1874 396 1975 435 Cor-

515 459 570 485 nu
592 444 822 484 Hammonis
846 441 961 481 nostri
989 444 1118 496 primo
1144 443 1236 486 loco
1264 449 1420 490 notati,
1436 450 1579 490 mirum
1607 452 1646 489 in
1664 451 1827 491 modum
1859 454 1974 492 aucta

517 500 592 542 suit
615 500 717 540 lente
733 500 856 539 vitrea
886 500 924 537 in
954 499 1088 538 Indice
1121 500 1318 542 luculento
1345 503 1572 548 Testarum,
1602 507 1644 545 &
1661 507 1974 562 Conchyliotum

517 557 679 596 Nicolai
699 555 876 596 Gualteri
896 556 936 594 πῖ
951 553 1150 611 μακαρίτης
1165 559 1261 600 Tab.
1277 560 1380 600 XIX.
1398 559 1461 614 fig.
1481 561 1529 600 H·
1546 562 1632 602 &L

574 614 611 653 V.
645 611 728 665 Pag.
752 624 810 651 10.
828 613 852 651 l.
871 627 907 659 7.
934 619 1124 656 Abundat
1148 617 1268 656 etiam
1297 616 1372 656 hoc
1388 619 1523 658 Cornu
1540 619 1772 660 Hammonis
1788 620 1827 658 in
1844 618 1947 658 colle
1969 649 1979 665 ‚

513 670 579 708 ubi
600 666 715 707 fitum
749 667 801 708 est
817 669 1179 725 Archangelianum
1196 673 1404 728 Oppidum
1422 674 1555 715 nobile
1571 674 1804 717 Dioecesecos
1831 674 1980 715 nostrae

513 726 602 766 VH.
623 736 780 765 tantum
810 725 936 768 millia
966 727 1141 782 paffuum
1171 731 1220 770 ab
1234 730 1331 770 urbe
1347 729 1476 771 nostra
1504 730 1668 772 distans.
1702 733 1805 774 Item
1837 733 1984 784 reperi-

514 794 579 822 tur
603 783 642 821 in
659 796 775 821 arena
791 782 942 824 Senensi
971 797 1084 826 extra
1110 796 1267 838 portam
1281 785 1550 827 Florentinam
1566 789 1605 826 in
1621 788 1712 828 loco
1729 791 1777 828 ad
1807 790 1979 842 primum

514 839 685 895 lapidem
711 836 781 878 fito
798 868 808 883 ‚
839 841 908 893 qui
931 841 1077 894 vulgo:
1109 841 1274 882 Palazzo
1304 841 1357 880 ‹ie’
1373 843 1526 882 Diavolz'
1551 844 1780 885 nominatur
1800 876 1808 890 ‚
1839 855 1881 883 ut
1907 859 1982 898 ego

514 893 643 950 scripsi
667 894 714 934 ad
743 893 976 949 Philippum
1007 898 1217 950 Breynium
1236 895 1405 951 Epistola
1429 898 1648 941 Florentiae
1677 915 1711 939 a·
1727 902 1764 940 d.
1785 901 1860 939 XII
1891 898 1979 940 Kal-

517 952 697 992 Sextilias
725 966 830 992 anno
848 964 1118 995 c101occxru.
1144 955 1237 994 data
1254 983 1264 998 ‚
1297 968 1396 1007 quae
1413 956 1519 995 edita
1535 954 1612 994 fuit
1635 970 1738 996 anno
1753 955 1924 1011 sequenti
1942 959 1983 994 in

514 1007 647 1049 Tomo
673 1010 805 1063 primo
822 1009 1148 1051 Adversariorum
1169 1011 1423 1063 Lucenfium,
1454 1025 1578 1065 quae:
1611 1013 1809 1055 Memoriae
1826 1014 1929 1067 sopra
1946 1012 1985 1052 In

518 1065 625 1116 Fisica
640 1093 651 1108 ,
684 1080 701 1104 e
717 1066 836 1105 Storia
852 1065 1038 1109 Naturale
1053 1067 1318 1110 inscribuntur
1337 1101 1344 1108 .

577 1121 634 1161 VI.
667 1122 754 1175 Pag.
779 1124 1024 1179 10.Cap.111-
1047 1123 1166 1167 num⁰·
1185 1125 1212 1164 Ι.
1244 1127 1309 1166 Ad
1335 1126 1546 1167 Nautilurn
1577 1125 1741 1168 refertur
1756 1124 1987 1169 Testaceum

518 1177 596 1218 hoc
614 1179 820 1217 minimum
837 1195 858 1219 a
874 1181 1084 1222 Gualterio
1101 1182 1197 1222 Tab.
1216 1182 1310 1222 XIX
1340 1185 1382 1223 ἃ
1397 1184 1501 1223 redte
1519 1200 1529 1228 ς
1548 1184 1679 1237 Spirae
1695 1186 1798 1225 enim
1817 1189 1895 1236 ejus
1908 1210 1918 1225 ‚
1943 1183 1988 1221 li-

519 1245 585 1275 cet
600 1231 838 1274 extrinsecus
857 1249 1103 1290 apparentes,
1121 1240 1164 1278 δε
1180 1238 1416 1294 perspicuae,
1432 1239 1521 1279 velo
1541 1241 1715 1293 quodam
1732 1239 1901 1279 testaceo
1917 1239 1990 1278 ob-

520 1292 722 1331 ducuntur
739 1317 747 1325 ·
778 1290 878 1331 Mihi
895 1291 1052 1332 Medico
1067 1320 1078 1336 ,
1109 1294 1151 1332 &
1167 1294 1408 1348 Philosopho
1429 1297 1589 1348 ignotae
1617 1307 1726 1336 erant
1744 1295 1886 1348 viginti
1904 1324 1914 1339 ‚
1943 1295 1988 1333 &

521 1348 690 1402 amplius
719 1348 768 1388 ab
795 1347 908 1387 heinc
940 1350 1076 1392 annis,
1109 1350 1267 1402 quando
1297 1350 1445 1390 scilicet
1473 1351 1571 1391 liber
1603 1366 1708 1391 meus
1738 1351 1784 1390 de
1811 1350 1987 1391 Conchis

521 1406 648 1445 minus
678 1405 780 1443 notis
811 1406 982 1458 primurn
1012 1405 1134 1445 editus
1153 1405 1253 1450 fuit,
1286 1405 1440 1447 subtiles
1467 1405 1555 1446 istae
1586 1419 1849 1461 externaeque
1881 1406 1990 1447 diffe-

520 1463 672 1501 rentiae
690 1461 793 1500 inter
808 1463 1064 1502 Hammonias
1081 1490 1091 1506 ,
1123 1461 1382 1517 Nautilosque
1398 1491 1407 1505 ,
1439 1464 1480 1502 &
1498 1464 1546 1503 ab
1571 1466 1724 1505 interna
1750 1475 1907 1504 tantum
1923 1478 1990 1503 eo-

523 1532 611 1559 rum
629 1516 802 1558 cellulari
817 1516 1007 1559 structura
1030 1519 1331 1558 denominabam
1350 1545 1358 1552 .
1390 1521 1630 1558 Hammonia
1655 1523 1775 1572 igitur
1780 1518 1992 1572 sssgu-vul-

525 1589 577 1629 go
593 1574 825 1615 Hammonis
855 1576 1028 1620 Cornua„
1042 1572 1147 1622 ,sufing-
1158 1570 1412 1624 ea-LL'estacea
1443 1573 1606 1625 Sp-ir-alssa
1623 1603 1632 1618 ,
1665 1567 1989 1627 qquTrae

522 1626 1445 1686 anQQmei·.
1476 1627 1856 1681 NQil—ijffiQnt
1877 1657 1886 1672 ,
1922 1631 1991 1683 qui

526 1687 662 1740 aliquo
685 1685 910 1726 velamento
934 1683 1101 1726 testaceo
1118 1686 1350 1740 operiuntur
1365 1713 1374 1727 ‚
1405 1695 1449 1725 ut
1462 1701 1600 1726 eorum
1617 1684 1738 1740 spirae
1771 1686 1905 1739 aliquo
1924 1699 1993 1739 pa-

506 1744 596 1787 lcsto
614 1752 876 1795 contegantur
893 1772 903 1787 ,
933 1753 979 1782 ut
994 1753 1263 1795 conteguntur
1277 1745 1440 1782 omnino
1457 1744 1496 1782 in
1513 1743 1678 1782 Nautilo
1695 1742 1765 1783 illo
1782 1756 1994 1796 praegran-

528 1801 568 1841 di
597 1799 766 1844 Indico,
797 1813 820 1838 a
843 1813 924 1850 quo
952 1799 1106 1837 Nautili
1136 1813 1270 1836 omnes
1300 1798 1421 1836 modo
1449 1800 1552 1851 apud
1572 1800 1771 1839 Naturalis
1799 1797 1994 1839 Historiae

528 1859 746 1909 Scriptores
777 1855 1027 1894 vocitantur.
1060 1853 1163 1892 Dico
1181 1853 1326 1895 modo;
1357 1866 1447 1891 nam
1478 1863 1589 1891 antea
1606 1855 1791 1892 Nautilus
1823 1857 1997 1895 vocaba—

531 1926 594 1953 tur
625 1909 737 1950 Testa
770 1908 837 1949 illa
869 1908 1107 1963 perpulchra
1129 1907 1272 1962 Polypi
1302 1922 1420 1962 genus
1450 1909 1655 1947 continens
1674 1937 1683 1951 ‚
1712 1910 1754 1947 &
1772 1907 1995 1949 Aristotelis

531 1971 637 2010 dieta
659 1997 668 2011 ,
698 1980 798 2020 quae
829 1967 876 2006 ad
895 1966 1110 2020 Cymbium
1126 1980 1147 2004 a
1162 1964 1367 2004 Gualterio
1398 1964 1630 2005 amandatur
1646 1992 1655 2006 ‚
1687 1965 1794 2017 quod
1821 1963 1996 2006 intrinse-

533 2040 598 2066 cus
616 2026 652 2064 in
677 2023 790 2077 plura
823 2022 1084 2063 loculamenta
1100 2019 1238 2061 nonsit
1253 2019 1398 2062 secreta
1415 2049 1426 2065 ‚
1457 2022 1517 2062 uti
1534 2020 1618 2061 sunt
1640 2023 1722 2062 veri
1738 2021 1892 2061 Nautili
1909 2052 1920 2068 ‚
1950 2022 1993 2061 &

535 2097 627 2123 vera
642 2081 873 2120 Hammonis
890 2081 1051 2120 Cornua
1067 2081 1200 2119 omnia
1216 2111 1223 2118 .

596 2137 670 2178 VH.
695 2137 781 2191 Pag.
809 2151 866 2177 11.
899 2135 1077 2177 nz177z⁰.II.
1107 2138 1168 2176 lin·
1187 2137 1342 2177 ultima.
1374 2135 1472 2176 Sunt
1487 2135 1649 2190 Lapides
1677 2148 1727 2175 ex
1744 2134 1919 2178 Caffiana
1953 2137 1994 2175 in

539 2210 635 2250 agro
652 2191 786 2235 Pisano
803 2208 851 2234 ex
867 2191 1087 2246 hujusmodi
1102 2192 1256 2233 Nautili
1275 2194 1427 2233 minimi
1445 2207 1581 2246 genere
1595 2193 1759 2232 omnino
1790 2193 1966 2233 concreti
1982 2223 1992 2238 ‚

539 2255 582 2292 ὃ(
612 2265 704 2291 cum
735 2262 838 2290 terra
862 2249 960 2292 flava
985 2249 1256 2291 ferruminati.
1289 2251 1391 2290 Item
1423 2251 1608 2304 permixti
1639 2247 1725 2290 sunt
1750 2248 1905 2290 Nautili
1936 2248 1994 2288 isti

543 2309 696 2349 minimi
714 2309 754 2347 in
786 2308 901 2347 variis
932 2308 1041 2347 terris
1066 2306 1307 2348 diversorum
1332 2307 1532 2347 Montium
1563 2306 1726 2349 Italiae,
1757 2306 1800 2344 &
1830 2307 1869 2344 in
1896 2307 1999 2345 Mari

546 2364 676 2405 nostro
705 2365 811 2404 cibus
830 2363 915 2403 sunt
930 2363 1117 2404 Conchae
1147 2365 1246 2404 illius
1263 2395 1274 2410 ,
1303 2379 1421 2419 quam
1438 2363 1701 2417 Amygdalam
1727 2363 1918 2403 marinam
1934 2377 2003 2402 vo-

546 2424 718 2464 cavimus
747 2423 845 2478 Cap.
878 2417 991 2462 XTHI
1024 2420 1146 2462 numo.
1167 2423 1217 2462 11.
1235 2435 1357 2476 quum
1387 2433 1522 2460 eorum
1547 2419 1804 2463 Stomachus,
1834 2419 1877 2458 ὃ(
1903 2421 2004 2515 Rite-

1938 2487 2000 2514 ma
