2125 2915
465 186 833 227 APPENDIX
875 186 1236 226 SECVNDA,
1491 201 1568 241 103

131 276 285 318 fortaffe
303 277 404 317 idem
422 274 474 316 est
507 290 550 316 ac
570 274 778 316 secundum
795 306 804 320 ,
826 272 962 314 colore
989 284 1145 314 tantum
1176 271 1308 313 differt
1324 303 1334 319 ,
1362 287 1479 327 quern
1510 279 1568 316 ni-

130 349 245 389 grum
272 333 341 374 effe
374 335 428 372 ait
445 359 454 374 ,
486 333 528 371 ὃ(
545 332 718 373 nostrum
749 333 795 372 ad
828 328 1059 371 flavedinem
1078 330 1254 375 accedit,
1291 330 1350 370 sed
1368 333 1479 386 niger
1506 333 1569 374 ille

130 391 244 430 color
262 391 310 429 ab
325 391 400 429 alia
414 389 583 443 quadam
617 405 657 430 re
687 388 761 429 fuit
793 387 959 429 adscitus
980 416 986 423 .
1019 388 1232 427 Ginannius
1253 399 1328 427 tres
1346 386 1486 441 species
1504 390 1570 431 Fa-

128 447 278 500 vaginis
314 447 440 500 pingit
458 477 466 490 ‚
492 445 553 485 sed
587 448 712 500 prima
742 457 847 486 certe
871 444 1147 484 confundenda
1172 443 1224 484 est
1251 458 1340 484 cum
1373 443 1536 487 secunda
1554 476 1563 490 ‚

126 503 170 541 ὃς
188 516 306 555 quam
326 505 442 556 ponit
470 504 588 542 tertio
620 503 710 542 loco
730 517 809 542 non
838 501 889 542 est
911 503 1066 555 Favago
1084 532 1093 546 ‚
1122 499 1184 541 sed
1218 499 1335 541 Fucus
1367 505 1535 543 marinus
1553 535 1563 549 ,

126 558 187 599 vel
208 559 386 612 Qiercus
422 561 615 599 maritima
633 558 822 599 Veficulas
842 558 984 598 habens
1001 561 1048 598 C.
1067 559 1105 597 B=
1122 558 1207 597 Pi-n.
1224 564 1317 609 365-
1332 586 1340 601 ,
1357 559 1400 598 ὃζ
1417 559 1564 600 Virsoi-

124 615 189 656 des
206 616 369 655 Donato
384 616 480 656 Tab.
500 617 568 655 ΙΙΙ.
581 644 589 658 ‚
609 617 651 655 &
669 617 762 655 haec
779 616 825 654 ad
846 616 998 654 Plantas
1018 616 1182 654 marinas
1199 613 1252 654 est
1266 613 1465 656 referenda
1482 647 1492 662 ‚
1522 619 1565 658 ὃ(

125 686 204 711 non
222 671 269 711 ad
287 672 518 727 Favaginem
540 700 548 715 ‚
566 674 726 726 quae-ad
747 672 856 710 nidos
871 671 1125 710 Concharum
1141 701 1151 716 ,
1173 672 1215 709 &
1232 671 1497 713 Cochlearum
1514 674 1566 714 est

122 727 314 767 destinata
332 756 341 771 ‚
373 743 470 782 quae
488 742 689 784 praeterea
701 759 710 773 ‚
726 726 751 768 fi
769 729 1042 769 comburatur,
1056 728 1236 767 eumdem
1254 728 1416 769 odorem
1435 729 1566 784 spirat,

120 797 238 836 quam
258 787 404 824 Cancri
423 813 432 827 ‚
453 786 640 824 Locustae
658 815 666 826 .
683 786 883 838 ceterique
900 783 1085 823 crustacei
1113 783 1305 825 combusti
1336 784 1483 839 spirant
1501 819 1508 826 .

522 949 958 1010 CAPVT
1065 950 1144 1005 X.

454 1049 837 1096 AMYG,DALA
898 1047 1207 1087 MARINA.

123 1153 155 1193 Ι.
180 1156 284 1239 H
306 1156 400 1208 Vjus
418 1153 550 1194 Testae
567 1154 881 1210 Descriptionem
915 1154 1084 1207 aliquam
1101 1154 1278 1195 dedimus
1306 1157 1345 1194 in
1371 1153 1558 1207 superiori

314 1212 435 1252 Libro
451 1213 498 1250 de
516 1212 688 1251 Conchis
707 1227 794 1265 pag·
811 1225 875 1252 22.
893 1213 934 1250 &
949 1223 1007 1260 23.
1027 1237 1036 1251 ‚
1054 1224 1171 1263 quam
1189 1211 1359 1250 diximus
1377 1225 1398 1250 a
1416 1211 1557 1252 Zinan-

113 1268 181 1307 nio
198 1269 368 1309 vocitari
385 1266 652 1321 sanguisugam
671 1270 862 1308 marinam
878 1298 888 1313 ,
913 1265 1020 1319 quod
1037 1280 1121 1306 eam
1139 1267 1331 1307 invenerit
1347 1266 1557 1310 adhaeren-

113 1332 195 1364 tem
210 1325 400 1379 Favagini
418 1325 589 1363 marinae
605 1323 825 1364 Aristotelis
844 1352 854 1366 ‚
886 1337 934 1362 ex
950 1337 1026 1376 qua
1045 1323 1274 1363 alimentum
1306 1323 1438 1379 sugere
1455 1327 1557 1367 arbi-

113 1382 294 1422 trabatur
311 1409 321 1424 ,
338 1379 400 1421 sed
423 1380 645 1420 uberiorem
663 1379 983 1434 Descriptionem
1000 1378 1086 1419 heic
1104 1380 1239 1420 damus
1258 1395 1349 1420 cum
1367 1385 1447 1434 ejus
1466 1397 1556 1423 ana-

114 1448 222 1478 tome
237 1467 247 1482 ‚
281 1439 324 1477 &
347 1434 481 1493 figuris
500 1465 508 1473 .
540 1436 704 1476 Concha
722 1436 817 1477 haec
836 1465 847 1480 ‚
878 1447 923 1476 ut
941 1438 983 1476 ὃς
1000 1435 1067 1476 illa
1085 1467 1094 1481 ‚
1125 1451 1224 1490 quae
1241 1439 1338 1477 Nux
1369 1436 1429 1477 seu
1444 1438 1554 1492 Juju-

113 1495 164 1533 ba
189 1496 341 1534 marina
371 1510 393 1534 a
416 1492 553 1533 nostris
573 1495 775 1533 vocitatur
793 1522 803 1536 ‚
828 1507 908 1532 non
924 1491 976 1531 est
990 1493 1147 1533 bivalva
1164 1524 1174 1538 ,
1196 1504 1238 1533 ut
1255 1493 1375 1547 aliqui
1393 1505 1554 1536 conten-

114 1548 214 1587 dunt
228 1549 413 1587 Conchas
433 1546 701 1600 Cochleasque
731 1560 864 1585 omnes
904 1548 1070 1585 marinas
1097 1548 1168 1587 effe
1199 1549 1292 1587 tales
1310 1577 1317 1584 .
1350 1551 1550 1592 Cochleae

113 1605 240 1649 enim,
266 1603 521 1643 &Turbines
552 1616 688 1642 omnes
705 1600 913 1657 Operculo
944 1603 1116 1654 quodam
1152 1603 1390 1645 clauduntur
1407 1637 1417 1650 ‚
1443 1609 1547 1662 quod

113 1674 249 1700 eorum
276 1658 328 1700 est
346 1658 471 1700 veluti
486 1657 609 1698 altera
627 1659 742 1699 valva
760 1686 767 1693 ·
802 1657 872 1698 Sed
892 1658 1057 1697 Concha
1090 1658 1184 1698 haec
1201 1661 1469 1714 Amygdalam
1493 1679 1551 1704 re-

112 1716 236 1757 ferens
255 1747 265 1762 ,
298 1717 339 1756 ἃ
358 1717 452 1756 Nux
471 1712 538 1769 ipsi
555 1712 678 1755 affinis
694 1714 849 1754 valvam
867 1714 1030 1753 alteram
1048 1728 1128 1753 non
1143 1715 1314 1756 habent.
1335 1718 1432 1757 Sunt
1447 1722 1550 1759 enim

112 1772 239 1813 multo
257 1776 422 1826 majores
439 1801 448 1817 ‚
477 1786 596 1824 quam
614 1782 658 1810 ut
673 1771 787 1810 valva
818 1771 952 1823 aliqua.
968 1800 979 1814 ,
1012 1785 1110 1823 quae
1136 1769 1221 1824 ipsis
1238 1775 1402 1814 omnino
1419 1775 1521 1814 deest
1536 1804 1546 1819 ‚

109 1830 238 1869 claudi
266 1827 411 1882 poffint
426 1855 436 1869 ‚
467 1832 526 1864 uti
558 1840 715 1866 cernere
745 1824 798 1864 est
828 1824 925 1864 Tab.
942 1838 1007 1865 xr.
1038 1823 1102 1880 fig.
1129 1828 1179 1866 D.
1212 1828 1254 1867 ὃ(
1270 1830 1308 1868 Ε
1329 1857 1338 1871 ,
1370 1834 1548 1889 ςιιαΞ-α-ὶ)

108 1898 235 1937 ungue
271 1883 785 1935 tantumjrg-eggg—re—mitate
817 1882 1067 1937 ambstQLa
1111 1897 1211 1936 quae
1236 1886 1380 1939 y-nguis
1414 1890 1551 1927 tanti-

110 1937 534 1991 lum—Q-cssl-lssasa-ffi,
567 1948 611 1977 ut
638 1949 802 1993 apparet
832 1939 870 1976 in
900 1935 962 1991 fig.
981 1939 1028 1976 G·
1048 1939 1089 1977 &
1107 1939 1144 1978 F.
1164 1967 1173 1982 ,
1204 1954 1302 1994 quae
1337 1954 1467 1983 tamen
1482 1959 1547 1985 ne-

111 2010 185 2049 que
212 1997 375 2036 omnino
403 1995 630 2036 inferiorem
661 2006 815 2049 partem
845 1995 1068 2034 Animantis
1085 1997 1252 2042 claudit,
1285 2012 1331 2037 ne
1346 1999 1437 2039 dum
1456 2015 1546 2054 par-

110 2063 190 2091 tem
218 2051 475 2107 superiorem,
508 2066 607 2106 quae
630 2049 872 2106 sesquialtera
902 2062 1014 2106 parte
1045 2051 1098 2091 est
1117 2051 1264 2109 semper
1290 2056 1456 2096 nudata·
1487 2059 1543 2097 Os

110 2108 227 2149 habet
256 2111 298 2149 in
328 2111 579 2151 extremitate
610 2108 677 2149 illa
715 2108 902 2151 carnosa,
937 2108 979 2146 &
1009 2110 1048 2148 in
1080 2110 1210 2150 medio
1240 2113 1459 2152 Animantis
1490 2113 1543 2154 est

108 2165 346 2206 ventriculus
377 2167 500 2207 tribus
533 2163 702 2205 officulis
734 2164 966 2209 instructus,
1010 2180 1110 2220 quae
1149 2170 1256 2207 cerni
1289 2169 1443 2224 poffunt
1474 2168 1539 2210 sub

107 2221 265 2262 Litteris
282 2225 331 2262 H.
348 2224 378 2262 I.
410 2238 508 2278 quae
539 2220 745 2264 arcstiffime
769 2222 928 2262 haerent
942 2224 1188 2264 membranae
1206 2252 1216 2267 ,
1248 2224 1308 2265 seu
1333 2227 1539 2266 Canalicu-

107 2276 149 2316 lo
179 2279 361 2319 circulari
391 2280 426 2319 H
467 2283 573 2321 Haec
606 2277 801 2322 officula,
833 2293 932 2333 quae
954 2278 1163 2321 aret-iffima
1182 2279 1295 2327 sunt,
1325 2294 1536 2323 cernuntur

107 2345 265 2374 exarata
298 2336 336 2374 in
368 2339 592 2378 membrana
638 2335 793 2377 dissedm
828 2336 872 2375 &
903 2336 1069 2392 expansa
1098 2336 1164 2378 sub
1195 2339 1346 2379 Littera
1376 2340 1433 2384 1.,
1478 2337 1539 2379 sed

104 2392 280 2444 primum
310 2392 444 2433 littera
473 2400 486 2433 z·
516 2406 699 2434 notatum
731 2392 849 2434 refert
877 2393 1095 2435 Lucernam
1126 2392 1289 2436 fidhlem
1318 2397 1507 2436 Veterum
1526 2422 1537 2438 2

1424 2452 1537 2492 &re-

1600 1213 1736 1285 ‘2⁶st
1755 1219 1862 1261 3⁷7·
