2145 2910
534 209 587 255 36
972 197 1070 237 DE
1127 197 1534 239 coNcHIS

535 287 601 325 An
620 297 716 323 vero
732 280 958 322 mollescant
975 279 1122 320 Cancri
1138 294 1273 320 omnes
1286 311 1297 326 ,
1313 295 1393 321 non
1410 278 1527 323 ausim
1551 281 1743 325 affirmare
1759 313 1766 321 .
1785 288 1959 327 Cancros

535 341 642 381 enim
675 339 761 379 illos
780 342 945 390 majores
962 338 1131 389 Paguros
1148 336 1190 374 &
1206 336 1330 389 Majas
1346 339 1473 378 dictos
1489 366 1500 382 ‚
1527 352 1622 392 quos
1638 339 1755 381 nostri
1770 343 1962 382 Granceole

535 396 730 437 vocabulo
744 409 834 434 cum
851 394 1009 433 Venetis
1027 392 1229 432 communi
1246 393 1447 446 appellant
1458 424 1467 439 ‚
1479 409 1690 448 numquam
1707 397 1843 438 molles
1860 398 1959 439 vidi.

537 454 718 505 Denique
751 449 975 504 personatus
1004 446 1291 501 aliquantulum
1312 447 1364 487 est
1394 449 1459 489 hic
1474 452 1627 491 Cancer
1642 451 1747 496 ,sed
1766 454 1863 508 quid
1893 451 1962 493 fibi

536 509 633 549 velit
650 508 744 546 haec
761 519 839 544 vox
856 502 1025 558 sequenti
1041 504 1172 557 capite
1194 503 1476 545 declarabimus
1492 533 1501 543 .
1527 497 2012 591 ffstv.f,39.„.xxvli-

555 596 1942 654 ‘QQQQQKQQQQQQQQQQ

929 714 1380 778 CAPVT
1468 719 1562 776 II.

562 819 778 857 CANcER
823 827 1074 854 nrnsvrvs
1125 829 1455 856 szsoNATvs
1502 830 1662 856 MARIS
1710 819 1933 862 svpmu,

592 885 763 911 vvreo
795 870 965 911 Facchino
995 872 1436 913 AR1M1NENs1Bvs
1467 883 1679 912 Drc‘rvs.

534 959 564 996 I.
595 959 680 1046 C
701 958 871 995 Ancrum
916 954 1019 995 hunc
1056 956 1171 1009 longe
1201 955 1507 1010 pulcherrimum
1539 957 1654 994 maris
1701 954 1819 995 nostri
1852 969 1967 995 acco⁴

711 1013 814 1055 lam,
841 1012 889 1051 de
917 1025 997 1065 quo
1026 1008 1214 1065 singulare
1242 1012 1375 1065 Caput
1405 1011 1490 1051 heic
1521 1025 1601 1051 non
1630 1013 1832 1057 immerito
1864 1010 1966 1050 insti-

536 1073 681 1110 tuimus
699 1099 710 1114 ‚
740 1082 854 1108 nemo
871 1068 978 1122 quod
996 1066 1111 1108 sciam
1136 1065 1335 1122 descripsit
1352 1095 1360 1103 .
1389 1069 1574 1109 Larvatus
1599 1069 1703 1107 enim
1732 1066 1785 1105 est
1799 1065 1860 1105 seu
1877 1079 1966 1118 per-

541 1123 720 1166 sonatus,
750 1137 796 1163 ut
828 1124 925 1165 facie
951 1124 1121 1164 humana
1151 1123 1391 1176 aliquantum
1422 1135 1553 1162 tamen
1578 1123 1794 1175 depravata
1811 1122 1964 1175 penitus

538 1181 611 1222 effe
630 1181 809 1221 videatur
828 1206 834 1214 ·
853 1180 1003 1218 Oculos
1021 1183 1123 1219 enim
1141 1209 1150 1223 ‚
1167 1179 1288 1217 nareis
1306 1206 1315 1219 ‚
1333 1193 1375 1218 os
1393 1207 1403 1221 ,
1433 1190 1549 1231 atque
1565 1178 1664 1230 pilos
1697 1176 1786 1216 illos
1811 1177 1968 1230 longio-

535 1252 595 1278 res
616 1237 715 1277 labri
750 1232 953 1288 superioris
972 1261 980 1275 ‚
1012 1248 1109 1286 quos
1142 1232 1317 1284 μόςακας
1335 1235 1475 1273 Graeci
1492 1243 1638 1271 vocant
1655 1260 1664 1274 ‚
1698 1246 1778 1271 non
1802 1230 1965 1272 obscure

536 1294 736 1335 ostentant
751 1321 761 1336 ,
790 1300 833 1330 ut
861 1292 900 1329 in
915 1289 1068 1330 Tabula
1081 1290 1126 1329 V.
1150 1293 1273 1343 hgura
1290 1292 1319 1328 Ι.
1337 1289 1469 1329 videre
1486 1287 1537 1328 est
1555 1288 1664 1327 .Itali
1684 1286 1821 1328 faciem
1838 1286 1968 1340 hujus-

538 1351 648 1390 modi
679 1349 888 1388 humanam
914 1347 1169 1401 depravatam
1197 1345 1408 1399 Mastarone
1422 1344 1544 1398 vulgo
1573 1343 1796 1398 appellant.
1832 1342 1966 1383 Nostri

543 1410 741 1447 Cancrum
771 1403 874 1443 hunc
892 1402 1062 1443 Facchino
1091 1413 1237 1442 vocant
1256 1429 1266 1444 ,
1292 1401 1399 1455 quod
1423 1402 1528 1455 turpi
1560 1399 1658 1440 facie
1680 1398 1743 1442 fit,
1773 1400 1881 1441 velut
1896 1400 1965 1439 ba-

540 1463 636 1515 juli,
667 1461 813 1514 aliique
829 1459 939 1512 hujus
965 1459 1112 1511 generis
1130 1457 1284 1497 viliores
1317 1457 1517 1496 homines.
1546 1458 1698 1495 Cancer
1729 1454 1855 1496 noster
1885 1454 1969 1495 lati-

540 1533 607 1573 pes
624 1517 789 1571 vulgaris
807 1546 817 1561 ‚
847 1526 891 1555 ut
906 1513 1016 1569 supra
1034 1516 1227 1554 innuimus
1245 1544 1254 1558 ,
1279 1513 1559 1567 aliquantulum
1577 1512 1744 1552 larvatus
1775 1510 1850 1564 ipse
1867 1525 1967 1565 quo-

541 1590 617 1629 que
632 1573 684 1613 est
698 1600 707 1614 ‚
738 1572 797 1612 sed
817 1586 893 1610 non
913 1573 967 1609 ita
980 1570 1085 1609 clara
1099 1573 1141 1610 &
1170 1569 1348 1609 distinc‘ta
1373 1568 1468 1609 facie
1485 1579 1528 1608 ut
1543 1566 1717 1622 praesens
1739 1598 1746 1606 .
1783 1566 1963 1606 Hirsutus

541 1631 605 1670 hic
624 1639 727 1669 totus
755 1626 808 1668 est
826 1628 865 1665 in
882 1626 978 1665 facie
997 1653 1007 1667 ‚
1032 1627 1075 1663 ὅ(
1092 1627 1129 1663 in
1148 1627 1308 1677 pedibus
1326 1656 1337 1670 ,
1361 1638 1406 1664 ac
1425 1626 1463 1663 in
1479 1635 1569 1663 toto
1584 1624 1749 1678 denique
1781 1636 1963 1676 corpore-

545 1686 684 1725 Chelas
702 1683 761 1723 seu
778 1682 892 1736 pedes
910 1680 1028 1720 habet
1045 1681 1182 1719 decem
1201 1707 1210 1721 ‚
1241 1691 1286 1719 ut
1302 1681 1424 1719 ceteri
1440 1681 1583 1717 Cancri
1601 1692 1735 1718 omnes
1752 1706 1762 1721 ,
1794 1693 1891 1732 quos
1909 1679 1964 1718 vi-

540 1741 580 1780 di
599 1768 608 1782 ‚
638 1749 811 1778 attamen
830 1746 994 1790 propter
1016 1734 1157 1773 lineam
1181 1733 1369 1775 hirsutam
1384 1734 1596 1787 quamdam
1610 1732 1822 1775 exstantem
1845 1735 1888 1773 &
1906 1734 1965 1786 ip-

543 1795 620 1836 sam
639 1825 648 1840 ‚
665 1809 764 1848 quae
782 1793 896 1832 Ferae
915 1792 1004 1830 loco
1021 1789 1203 1840 μυςαίκων
1219 1819 1228 1833 ‚
1245 1801 1289 1828 ut
1306 1791 1387 1828 dixi
1404 1816 1414 1830 ,
1430 1787 1503 1829 est,
1523 1789 1734 1827 duodecim
1752 1790 1869 1843 pedes
1886 1791 1965 1841 pri-

541 1859 609 1893 mo
625 1849 779 1905 aspectu
809 1861 943 1902 gerere
972 1848 1149 1886 videtur.
1180 1846 1276 1885 Dixi
1305 1845 1441 1883 decem
1471 1843 1586 1895 pedes
1615 1842 1756 1883 habere
1792 1846 1966 1883 Cancros

542 1909 692 1949 omneis
706 1934 716 1949 ‚
743 1919 833 1945 nam
849 1905 891 1943 δε
907 1904 1008 1942 inter
1025 1902 1141 1956 pedes
1157 1901 1357 1941 numeravi
1373 1897 1585 1952 superiores
1615 1897 1701 1937 illos
1721 1897 1880 1953 forcipis
1898 1913 1968 1938 cu-

546 1963 696 2018 jusdam
713 1960 827 2002 instar
842 1987 855 2003 ‚
884 1972 981 2013 quos
996 1958 1122 1999 chelas
1140 1959 1297 2014 proprie
1313 1956 1392 1996 dici
1407 1968 1486 1994 non
1501 1955 1640 2006 ignoro
1656 1984 1663 1992 .
1689 1954 1799 1994 Fulvi
1815 1954 1962 1994 coloris

544 2020 597 2062 est
613 2051 622 2065 ‚
652 2021 694 2059 ὅς
710 2033 789 2058 non
807 2017 950 2071 ingrati
974 2013 1118 2069 saporis
1135 2043 1144 2058 ‚
1162 2013 1222 2054 sed
1239 2029 1260 2053 a
1276 2011 1411 2052 nostris
1426 2011 1635 2065 negligitur
1652 2037 1659 2044 .
1675 2011 1841 2065 Propter
1860 2012 1963 2050 enim

542 2078 738 2118 variorum
756 2072 918 2129 piscium
935 2074 1095 2126 copiam
1110 2098 1121 2115 ,
1139 2082 1253 2124 atque
1269 2068 1484 2111 ostreorum
1500 2097 1510 2112 ,
1526 2065 1631 2120 apud
1648 2080 1717 2106 nos
1735 2067 1863 2107 viliori
1879 2065 1965 2106 sunt

546 2134 677 2187 pretio
693 2131 839 2170 Cancri
854 2142 1010 2173 omneS‚
1041 2140 1208 2184 excepta
1237 2126 1380 2167 femina
1401 2124 1567 2180 ‘majoris
1592 2122 1712 2167 illius,
1742 2124 1849 2174 Maja
1866 2149 1876 2164 ‚
1903 2120 1964 2162 feu

546 2191 701 2240 Paguro
727 2186 894 2227 secundo
931 2188 980 2227 ab
996 2184 1261 2225 Aldrovando
1279 2184 1407 2228 dieta,
1439 2194 1535 2235 quae
1564 2177 1804 2219 nobiliorum
1829 2176 1963 2218 mensis

546 2243 742 2286 interdum
757 2245 976 2297 apponitur
992 2269 1001 2277 -
1034 2242 1167 2281 Ceteri
1197 2238 1419 2281 sordescunt
1435 2268 1443 2276 .

603 2300 654 2340 11.
687 2299 844 2352 Longus
874 2299 986 2339 effem
1009 2296 1034 2339 si
1063 2298 1202 2338 vellem
1233 2310 1374 2351 genera
1400 2294 1533 2335 omnia
1557 2294 1801 2333 Cancrorum
1844 2289 1965 2330 nostri

553 2357 699 2396 littoris
730 2355 816 2395 heic
839 2355 1052 2396 describere
1068 2385 1075 2392 .
1090 2355 1224 2394 Paucis
1243 2365 1372 2392 tamen
1387 2349 1575 2404 quaedam
1592 2363 1727 2389 eorum
1744 2348 1940 2402 attingam
1955 2378 1964 2386 .

549 2415 706 2453 Praeter
720 2413 918 2453 Cancrum
947 2410 1192 2453 hirsutum&
1208 2408 1459 2467 personatum
1477 2406 1552 2447 hoc
1568 2407 1712 2460 Capite
1728 2402 1965 2458 descriptum

1861 2471 1965 2514 repe-
