2145 2910
773 315 1468 362 COROLLARIVM
1525 321 1781 363 LIBRI

830 418 905 460 DE
945 417 1228 456 Coucnts
1268 418 1464 459 Mlnvs
1503 418 1715 458 No'r1s.

672 531 780 572 PAG.
807 544 821 569 1
832 534 865 568 8.
883 530 968 586 Cap.
985 530 1120 585 X-pofi
1136 545 1234 571 num·
1251 531 1322 570 ΙΙΙ..
1339 531 1499 571 Addend.

615 589 705 628 1111.
737 587 781 624 In
823 587 921 626 mari
951 584 1081 626 nostro
1111 589 1305 640 reperitur
1346 586 1523 640 frequens
1552 584 1764 630 Tubularia
1796 588 1990 642 quaedam

557 640 778 684 vermiculis
809 639 1031 683 tenuissimis
1051 670 1062 687 ,
1090 643 1134 682 δε
1163 642 1333 683 testaceis
1365 645 1474 685 arcte
1505 645 1606 685 inter
1636 642 1670 685 se
1686 644 1869 700 implexis
1896 655 1990 685 con·

555 697 652 738 stans
669 727 678 741 ‚
716 700 783 753 qui
810 698 1014 742 vermiculi
1033 712 1115 740 non
1129 700 1424 743 convolvuntur
1452 702 1491 740 in
1520 699 1663 755 spiram
1677 731 1688 747 ,
1706 712 1749 742 ut
1764 701 1991 741 anteceden-

556 768 610 795 tes
628 786 637 800 ‚
668 753 730 795 sed
746 757 852 801 recta
870 756 1093 810 procedunt
1111 786 1120 800 ‚
1146 757 1190 801 ὃς
1215 758 1255 796 in
1284 758 1413 798 varios
1430 756 1630 798 fasciculos
1649 786 1660 801 ‚
1685 759 1752 798 ubi
1777 771 1823 797 os-
1851 770 1989 799 eorum

553 813 728 852 cernitur
761 841 770 859 ‚
800 811 979 853 definunt
1011 838 1020 847 .
1057 811 1311 856 Admirabilis
1345 812 1440 852 haec
1472 815 1729 852 minimorum
1761 814 1989 857 tubulorum

554 870 753 922 congeries
781 880 948 923 propter
981 880 1117 908 eorum
1148 868 1408 921 exiguitatem
1422 869 1465 907 ὃς
1483 866 1774 921 implicationes
1788 869 1911 909 varias
1929 870 1992 909 Fi-

553 928 701 982 Iograna
722 925 844 979 vulgo
873 924 1098 978 appellatur
1113 951 1122 962 .
1546 926 1549 927 ’

610 983 656 1021 V.
690 982 943 1035 Frequentius
975 980 1026 1022 ad
1057 978 1189 1021 Testas
1214 980 1430 1023 ostreorum
1460 980 1711 1026 adhaerentes
1741 981 1987 1034 reperiuntur

550 1038 699 1081 Tubuli
716 1038 783 1078 alii
800 1038 908 1092 longi
926 1065 936 1080 ‚
966 1038 1009 1076 &
1034 1036 1150 1077 instar
1178 1038 1322 1079 calami
1346 1036 1547 1092 scriptorii
1558 1035 1667 1077 craffi
1685 1067 1696 1083 ‚
1724 1039 1793 1092 qui
1809 1039 1916 1077 recta
1932 1035 1987 1081 as·

552 1094 713 1147 surgunt
730 1127 739 1141 ,
765 1097 807 1135 ὃ(
824 1097 920 1135 mire
937 1096 976 1134 in
993 1092 1199 1135 fasciculos
1211 1095 1501 1149 protenduntur
1518 1122 1529 1137 ,
1559 1092 1621 1133 sed
1647 1107 1862 1146 numquam
1885 1095 1986 1133 inter

552 1150 590 1190 le
618 1151 871 1204 implicantur
892 1153 934 1191 &
951 1153 1136 1191 uniuntur
1153 1181 1163 1196 ‚
1189 1162 1234 1190 ut
1251 1150 1465 1205 superiores
1484 1180 1494 1195 ,
1527 1147 1591 1191 sed
1613 1146 1749 1203 singuli
1765 1147 1913 1202 semper
1928 1148 1988 1196 di„

553 1204 683 1249 stinc‘fi
716 1207 815 1247 inter
850 1205 884 1245 se
910 1208 953 1251 ὃς
980 1209 1102 1246 ereffi
1129 1219 1312 1248 manent.
1674 1205 1678 1210 ’

669 1262 777 1303 PAG.
798 1276 860 1314 34.-
880 1263 964 1317 Cap.
990 1262 1134 1302 XXVII.
1151 1264 1312 1303 Addend.

610 1320 704 1359 1111.
736 1320 940 1362 Invenitur
969 1320 1012 1358 ὃς
1042 1320 1083 1358 in
1113 1318 1244 1361 nostro
1262 1321 1361 1361 mari
1379 1318 1532 1361 concha
1561 1319 1753 1374 quaedam
1787 1319 1986 1374 oblonga,

554 1375 731 1431 elliptica
748 1403 758 1418 ‚
783 1374 928 1419 &satis
951 1374 1069 1417 craffa
1086 1402 1095 1417 ‚
1113 1389 1213 1430 quae
1231 1390 1310 1415 non
1327 1377 1428 1418 male
1445 1377 1494 1416 ad
1512 1377 1665 1417 Solenes
1685 1374 1815 1430 potest
1830 1374 1984 1416 referri.

557 1433 769 1487 Singularis
785 1431 838 1473 est
853 1464 863 1478 ‚
894 1432 1000 1487 quod
1031 1430 1176 1472 animal
1193 1433 1272 1483 ejus
1291 1434 1360 1472 vix
1378 1446 1448 1486 per
1463 1434 1622 1475 tertiam
1654 1444 1809 1486 partem
1840 1447 1862 1471 a
1891 1446 1988 1472 con-

556 1489 630 1530 cha
660 1499 814 1542 tegatur
831 1521 839 1529 .
865 1490 998 1545 Caput
1018 1488 1130 1541 hujus
1162 1485 1307 1528 solenes
1338 1486 1456 1528 refert
1473 1517 1485 1531 ,
1513 1485 1634 1527 sedin
1652 1489 1773 1529 altera
1803 1491 1988 1528 extremi-

556 1556 638 1589 tate
670 1545 763 1586 duas
795 1546 1032 1600 appendices
1050 1572 1061 1587 ,
1093 1543 1154 1584 seu
1186 1544 1583 1583 ducstusexcretorios
1612 1541 1814 1583 exstanteis
1832 1574 1842 1588 ,
1873 1545 1986 1583 &te-

557 1602 671 1642 reteis
688 1601 880 1642 ostentat.
916 1599 1147 1645 Vniversum
1177 1599 1320 1640 animal
1349 1598 1585 1641 extrinsecus
1608 1598 1867 1654 pulcherrimi
1897 1613 1989 1639 coc-

556 1659 657 1702 cinei
683 1658 828 1698 coloris
854 1655 929 1698 est.

670 1715 777 1754 PAG.
797 1726 859 1764 37.
877 1715 961 1768 Cap.
981 1712 1025 1751 11.
1042 1712 1204 1753 Addend.

611 1771 684 1810 ΙΙΙ.
718 1772 854 1814 Verno
877 1781 1056 1822 tempore
1073 1771 1112 1808 in
1129 1771 1228 1813 mari
1242 1768 1375 1812 nostro
1399 1771 1560 1822 capitur
1577 1782 1719 1810 cancer
1735 1768 1897 1823 quidam
1916 1768 1992 1814 lae-

554 1828 612 1868 vis
629 1825 893 1866 craffiusculus
909 1853 919 1867 ‚
949 1824 1126 1863 subrufus
1140 1851 1151 1865 ,
1181 1826 1224 1863 ὃ(
1240 1824 1433 1876 quadrata
1450 1822 1576 1863 forma
1590 1824 1756 1863 donatus
1774 1856 1781 1864 .
1800 1826 1834 1864 Is
1851 1826 1986 1865 oculos

553 1884 660 1921 inter
675 1880 710 1921 se
726 1881 943 1921 admodum
960 1888 1132 1919 remotos
1146 1909 1156 1923 ‚
1186 1880 1230 1919 &
1255 1881 1294 1920 in
1323 1878 1573 1919 extremitate
1592 1879 1690 1916 rami
1703 1878 1901 1928 cujusdam
1919 1894 1987 1934 cy-

558 1938 713 1983 lindrici
731 1938 833 1993 gerit
850 1966 860 1982 ,
889 1936 1105 1993 conditque
1121 1950 1187 1976 eos
1204 1950 1280 1976 una
1296 1948 1387 1975 cum
1402 1934 1556 1975 ramulis
1572 1932 1642 1973 suis
1674 1934 1774 1973 intra
1799 1948 1985 1975 cavernu-

557 1995 635 2036 lam
652 2022 662 2038 ,
692 2007 812 2048 quam
827 1995 866 2032 in
881 1994 1030 2033 cortice
1048 2022 1057 2036 ,
1083 1990 1144 2033 seu
1160 1993 1297 2033 cranio
1324 1991 1442 2033 habet
1471 1989 1736 2046 exsculptam.
1770 1990 1898 2044 Vulgo
1916 2005 1985 2037 νς».

557 2063 697 2094 cantur
721 2051 855 2091 cancri
885 2049 925 2089 hi
941 2049 1091 2104 Illyrici
1109 2079 1119 2092 ‚
1145 2048 1203 2089 seu
1219 2049 1458 2089 Dalmatici-

670 2108 778 2148 PAG.
796 2121 860 2159 45.
879 2107 962 2161 Cap.
979 2106 1044 2146 ΙΙΙ.
1061 2121 1159 2148 num.
1176 2107 1225 2146 ΙΙ.
1244 2106 1404 2147 Addend.

615 2166 680 2206 Re
707 2163 844 2205 melius
862 2161 1048 2219 perpensa
1077 2173 1243 2217 propter
1258 2164 1417 2218 copiam
1448 2175 1662 2216 pennarum
1681 2163 1916 2207 marinarum
1931 2162 1980 2201 ad

559 2237 628 2263 nos
646 2220 804 2262 allatam
821 2251 831 2264 ,
856 2221 1028 2274 cognovi
1053 2220 1118 2259 has
1133 2234 1266 2266 revera
1282 2220 1329 2259 ad
1346 2220 1497 2273 plantas
1513 2219 1675 2258 marinas
1695 2249 1703 2265 ,
1733 2217 1793 2258 seu
1813 2218 1860 2257 ad
1877 2231 1982 2257 cera-

557 2278 727 2334 tophyta
742 2276 811 2317 effe
827 2275 1068 2317 referendas.
1101 2276 1268 2316 Radices
1299 2276 1442 2321 habent
1470 2275 1573 2315 albas
1605 2274 1675 2314 hae
1713 2289 1860 2330 pennae
1877 2302 1887 2316 ‚
1919 2272 1981 2313 sed

559 2346 701 2377 cortex
729 2335 856 2374 trunci
886 2335 941 2377 uti
971 2334 1013 2372 δε
1044 2331 1138 2373 folia
1155 2333 1312 2388 pulchri
1345 2331 1722 2374 amaranthicoloris
1740 2330 1815 2372 est.
1846 2332 1980 2383 Qare

559 2406 642 2432 non
669 2392 769 2432 male
799 2392 933 2431 vocari
964 2388 1089 2444 potest
1116 2388 1190 2430 hoc
1223 2389 1377 2445 plantae
1408 2402 1548 2443 genus:
1580 2388 1834 2449 Cemtophyton
1866 2391 1980 2428 maris

557 2451 681 2505 superi
708 2446 996 2490 amaranthoides
1020 2459 1175 2502 pennam
1207 2448 1384 2500 referens.
1861 2500 1983 2553 JANI
