2145 2910
514 197 565 228 22
950 190 1047 232 DE
1105 190 1513 236 CONCHIS

517 282 607 310 nem
625 267 703 310 fere
718 271 864 311 nullam
894 287 985 313 cum
1015 275 1265 316 antecedenti
1291 276 1433 318 habet.
1461 275 1534 322 Sed
1564 276 1752 329 quoniam
1779 276 1864 317 talis
1896 275 1949 320 est

515 326 731 380 progressus
751 358 761 373 ‚
795 329 837 373 ὃς
853 329 891 369 id
908 331 1026 370 etiam
1042 329 1167 371 noster
1183 333 1285 373 ordo
1303 332 1472 387 postulat
1489 361 1499 376 ‚
1530 343 1575 379 ut
1596 347 1655 373 res
1671 330 1817 388 semper
1845 334 1951 387 prius

515 381 723 423 referamus
741 411 750 426 ,
769 387 1100 437 quemadmodum
1131 389 1170 426 in
1184 388 1429 430 Praefatione
1444 390 1608 430 diximus
1626 419 1635 432 ‚
1667 403 1764 441 quae
1781 403 1867 429 aere
1884 402 1951 428 ex·-

516 437 604 478 cusa
621 438 708 479 sunt
722 470 733 486 ,
761 441 901 481 deinde
930 443 977 482 ad
1003 443 1076 482 alia.
1105 458 1185 483 non
1215 443 1304 485 cusa
1329 445 1599 487 descendamus
1617 460 1627 489 ;
1658 448 1814 486 Nucem
1831 444 1949 487 hanc,

516 509 634 549 quam
654 506 867 549 utcumque
884 498 1133 541 adumbravit
1149 501 1282 542 Picstor
1299 502 1460 557 quidam
1473 503 1640 546 Venetus
1665 503 1707 542 in
1736 500 1890 541 Tabula
1905 502 1949 540 V.

514 551 642 592 num-⁰
658 553 722 591 IX.
739 552 782 590 &
796 555 842 592 X-
862 553 978 594 multi
992 557 1152 653 [εξοϊίε
1170 559 1311 598 marini
1338 561 1496 599 nomine
1526 559 1677 603 donant
1695 589 1704 603 ,
1733 557 1840 612 quod
1864 571 1949 597 car-

514 606 606 646 nosa
621 607 859 650 extrinsecus
876 610 1046 651 multum
1074 623 1106 652 it
1121 640 1131 656 ‚
1157 614 1229 659 vel„
1242 628 1341 672 pene
1366 614 1622 672 cartilaginea
1637 645 1648 660 ‚
1680 616 1723 654 &
1739 616 1819 666 ejus
1834 612 1949 653 Testa

513 660 557 705 sit
572 660 809 706 subtilissima
826 665 869 704 δε
886 681 1022 708 manca
1040 695 1050 711 ‚
1081 680 1126 709 ut
1156 672 1222 711 vix
1245 672 1401 712 tertiam
1429 683 1583 728 partem
1599 671 1839 712 Animalculi
1854 684 1950 723 opes

513 720 589 780 riat
609 750 614 756 .
649 722 685 759 A
704 719 840 760 nostris
857 723 1112 776 piscatoribus
1130 727 1350 782 Amygdala
1365 730 1515 769 marina
1533 727 1751 783 appellatur
1770 737 1779 771 3
1809 727 1852 766 &
1870 725 1950 766 for-

512 774 601 814 tasse
618 789 698 815 non
713 778 947 820 inconcinne
958 807 968 822 ‚
986 795 1108 833 quum
1123 781 1203 836 ipsa
1220 785 1372 835 integra
1385 785 1652 838 Amygdalam
1669 785 1790 835 magis
1804 810 1812 822 ‚
1832 796 1948 834 quam

512 833 669 872 Nucem
689 862 698 876 ‚
728 843 773 872 ut
803 835 972 887 reliquae
990 836 1101 887 hujus
1132 839 1280 888 generis
1297 837 1430 878 Testae
1446 868 1456 882 ,
1488 839 1652 880 referat.
1683 836 1870 893 Josephus
1888 838 1950 876 Zi-

512 889 677 928 nannius
692 889 898 930 Ravennas
916 891 977 932 vir
1007 891 1262 934 nobiliffimus
1279 922 1288 937 ‚
1317 909 1363 934 ac
1390 895 1439 935 de
1470 893 1628 935 historia
1658 892 1826 935 naturali
1842 894 1949 946 opti-

512 959 576 986 me
592 946 748 989 meritus
765 976 775 990 ,
807 958 892 986 tum
921 959 1086 1004 propter
1116 948 1280 992 scrinia,
1308 965 1406 1006 quae
1434 949 1605 1005 poffidet
1633 963 1764 989 rerum
1788 961 1950 989 natura-

509 1001 609 1040 lium
626 999 865 1043 refertisfima
882 1033 893 1048 ,
924 1017 1045 1057 quum
1061 1017 1225 1060 propter
1241 1007 1391 1049 editum
1419 1006 1565 1047 librum
1591 1005 1638 1046 de
1654 1006 1752 1046 Ovis
1771 1006 1916 1044 Avium
1934 1035 1945 1049 ,

510 1057 555 1096 ὃ(
572 1056 619 1096 de
638 1057 810 1103 Locustis
828 1086 838 1101 ‚
869 1061 937 1112 qui
953 1061 1154 1114 quondam
1173 1063 1221 1102 ad
1238 1077 1298 1103 me
1315 1063 1362 1104 de
1377 1063 1449 1105 hac
1479 1065 1591 1103 Nuce
1622 1071 1831 1101 anatomen
1856 1059 1945 1100 scri-

511 1111 641 1167 pserat
658 1144 667 1157 ,
698 1128 781 1153 eam
800 1112 865 1155 sub
882 1116 1110 1167 Hdenis,
1135 1117 1196 1158 seu
1221 1117 1288 1159 sub
1315 1117 1772 1171 SQQQQ
1787 1117 1947 1156 nomine

514 1167 736 1223 descripsit·
768 1170 1003 1212 Observavit
1031 1177 1135 1214 enim
1152 1176 1211 1215 vir
1237 1173 1546 1230 diligentissimus
1579 1188 1662 1212 eam
1696 1171 1852 1212 fortiter
1884 1172 1951 1212 ad-

514 1224 673 1265 haerere
690 1225 889 1278 Alcyonio
905 1225 963 1265 illi
978 1256 989 1272 ,
1006 1231 1114 1282 quod
1129 1232 1361 1283 Favaginem
1378 1229 1599 1271 Aristotelis
1628 1228 1829 1283 appellant
1846 1257 1855 1272 ‚
1892 1240 1950 1267 at-

516 1294 591 1335 que
620 1294 669 1321 ex
699 1295 747 1321 eo
775 1281 1005 1322 alimentum
1028 1283 1235 1339 exsugere,
1267 1287 1402 1339 Qiare
1432 1299 1554 1340 quum
1585 1285 1745 1339 Leporis
1779 1285 1947 1329 marini,

515 1338 578 1378 vel
598 1337 843 1392 Amygdalae
872 1353 1016 1380 nomen
1046 1341 1158 1385 nimis,
1188 1338 1346 1395 vulgare
1377 1342 1501 1382 minus
1520 1341 1692 1395 placeret
1710 1370 1720 1384 ,
1745 1341 1788 1379 ὃς
1823 1341 1944 1379 Nucis

517 1408 662 1435 nomen
681 1405 774 1435 tunc
790 1393 879 1438 effet
905 1396 1114 1451 ignotum3
1139 1398 1410 1451 Sanguisucam
1434 1400 1623 1441 marinam
1643 1398 1832 1442 minorem
1865 1397 1949 1442 Li.t‹

518 1451 610 1490 teris
626 1450 674 1489 ad
691 1464 752 1489 me
767 1449 867 1490 datis
883 1451 1098 1505 appellavit
1115 1481 1123 1489 -
1153 1453 1424 1508 Sanguisucam
1445 1456 1548 1494 enim
1573 1458 1762 1507 majorem
1784 1465 1947 1504 propter

517 1504 670 1547 easdem
688 1509 945 1561 proprietates
960 1509 1186 1563 appellabat
1214 1511 1422 1557 Concham
1449 1511 1565 1551 aliam
1590 1538 1600 1552 ‚
1629 1523 1747 1562 quam
1777 1507 1948 1560 sequenti

518 1561 689 1602 articulo
706 1562 963 1609 describemus
982 1592 990 1600 .
1020 1566 1078 1605 At
1094 1565 1272 1610 invisenti
1291 1568 1385 1607 mihi
1401 1567 1620 1620 frequenter
1651 1566 1756 1605 littus
1773 1563 1946 1608 nostrum

516 1617 721 1666 observavi
744 1617 871 1658 Testas
901 1620 1022 1659 nudas
1049 1621 1161 1672 hujus
1193 1624 1432 1664 Animalculi
1451 1628 1463 1670 (
1484 1624 1523 1663 id
1551 1621 1625 1662 sive
1641 1624 1835 1677 Leporem
1867 1635 1947 1660 ma-

514 1675 644 1714 rinum
660 1703 670 1718 ‚
690 1671 764 1713 five
780 1674 1045 1736 Amygdalam
1062 1703 1071 1717 ‚
1090 1675 1166 1715 sive
1183 1679 1416 1718 Hirudinem
1431 1680 1621 1725 marinam
1653 1679 1802 1718 vocites
1821 1683 1833 1724 )
1852 1676 1950 1716 mul-

513 1740 599 1768 tum
616 1743 707 1767 cum
724 1729 945 1782 vulgarlbus
961 1731 1138 1772 Nucibus
1170 1733 1328 1772 marinis
1354 1734 1565 1773 convenire
1583 1760 1592 1775 ‚
1623 1743 1666 1772 ut
1684 1732 1784 1774 infra
1801 1731 1834 1771 se
1849 1732 1950 1777 Tur-

514 1785 647 1826 binem
675 1783 869 1837 colligant
884 1812 894 1826 ,
926 1796 970 1826 ut
993 1784 1170 1838 loquitur
1190 1787 1388 1832 Columna
1404 1817 1415 1831 ,
1444 1788 1539 1826 licet
1556 1788 1769 1827 admodum
1787 1799 1947 1840 apertae

515 1839 589 1883 sint
607 1868 616 1882 ,
645 1838 719 1881 sive
749 1855 792 1879 os
826 1839 934 1880 suum
966 1840 1173 1885 testaceum
1201 1843 1425 1883 immaniter
1457 1842 1638 1895 patulum
1669 1841 1839 1881 habeant
1862 1873 1873 1886 ‚
1904 1844 1948 1881 &

516 1911 656 1952 parum
690 1898 727 1935 in
746 1895 782 1936 se
806 1898 1065 1941 convolutum
1083 1929 1092 1943 ‚
1122 1909 1166 1941 ut
1190 1912 1364 1953 unguem
1393 1897 1604 1939 humanam
1636 1895 1830 1938 referant·
1864 1900 1948 1938 Ob-

412 1979 496 2027 s
518 1952 687 1993 servavit
710 1952 886 1997 laudatus
918 1953 1169 1997 nobiliss'imus
1203 1955 1409 1995 Zinannius
1436 1968 1573 1995 verum
1589 1969 1631 1994 os
1650 1953 1761 2007 hujus
1785 1955 1947 1995 animal-

520 2010 599 2050 culi
630 2007 795 2062 pofitum
823 2008 892 2050 esse
918 2012 957 2051 in
981 2013 1231 2057 extremitate
1257 2010 1445 2057 carnosa,
1478 2012 1519 2050 &
1549 2024 1671 2066 quum
1699 2025 1793 2051 caro
1825 2012 1946 2051 totius

516 2066 692 2105 animalis
710 2063 753 2105 sit
770 2080 866 2123 pene
882 2068 1147 2121 „cartilaginea
1163 2096 1173 2111 ,
1187 2070 1291 2108 circa
1320 2067 1561 2109 stomachum
1593 2068 1668 2106 tria
1694 2064 1855 2112 officula
1883 2066 1948 2108 ha-

519 2123 610 2162 bere
636 2150 646 2164 ,
673 2119 810 2178 quibus
840 2125 983 2164 animal
1013 2123 1244 2169 defendatur
1274 2139 1319 2165 ac
1350 2123 1578 2171 sustentetur
1602 2153 1626 2171 ἢ,
1647 2170 1651 2172 ‚
1671 2121 1945 2179 ¹quumssipsum

521 2180 622 2218 intra
638 2178 1037 2221 cochleatamitestam
1063 2196 1142 2221 non
1173 2179 1268 2238 poffi
1276 2194 1290 2221 t
1306 2182 1464 2228 recondi
1482 2209 1492 2223 ,
1522 2194 1621 2234 quae
1635 2177 1948 2230 officulafprtas-

520 2234 556 2274 se
575 2235 761 2285 adjuvant
779 2233 887 2275 simul
908 2238 1097 2288 ciborum«
1114 2237 1366 2293 digestionem
1383 2269 1391 2277 .
1422 2240 1529 2278 Haec
1561 2238 1619 2277 uti
1637 2235 1829 2291 sequentes
1859 2249 1947 2276 cor-

519 2306 597 2330 nua.
619 2290 764 2335 habent
792 2292 923 2338 nulla3
948 2308 1067 2347 quare
1092 2294 1168 2335 hoc
1193 2295 1447 2335 concharum
1474 2308 1594 2347 genus
1623 2307 1713 2334 cum
1740 2293 1946 2336 Cochleis,

521 2346 678 2387 Patellis
696 2377 706 2390 ,
736 2347 1046 2404 Turbinibusque
1063 2381 1072 2394 ‚
1088 2365 1186 2405 quae
1201 2353 1334 2392 omnia
1349 2351 1531 2391 cornibus
1550 2349 1732 2390 instructa
1750 2348 1835 2389 sunt
1853 2377 1861 2391 ‚
1879 2350 1950 2390 mi-

524 2406 629 2444 nime
652 2406 865 2445 convenit.
892 2407 1018 2460 Igitur
1039 2410 1170 2463 paucis
1189 2437 1199 2455 ‚
1229 2420 1275 2450 ut
1294 2407 1418 2450 multa
1447 2409 1487 2449 in
1509 2420 1630 2451 unum
1659 2407 1948 2502 conducargiub

1876 2474 1947 2502 ane
