2125 2915
444 173 825 240 ‘APPENDIX
871 198 1228 239 SECVNDA.
1526 210 1575 245 99

140 312 210 337 nos
242 299 295 337 ita
321 291 572 336 excrescant,
604 304 648 332 ut
672 291 845 331 melones
876 297 1125 343 exaequent,
1155 286 1217 328 sed
1236 297 1328 327 tunc
1359 298 1497 327 eorum
1511 285 1587 325 Te-

141 354 192 394 sta
221 354 273 394 est
299 347 521 392 solidissima
542 381 552 395 ,
582 361 625 389 ut
645 359 770 403 partes
798 349 878 401 ejus
910 348 978 387 vix
1006 346 1178 400 disjungi
1208 341 1354 401 poffint
1372 370 1380 378 .

486 553 963 615 CAPVT
1072 553 1225 613 VI.

399 687 583 726 Ecnmvs
614 682 852 721 Comitem-s
886 693 937 716 AD
972 681 1029 720 Os
1064 692 1339 719 FiMssnrATvs.

148 809 474 896 ZOophyton
503 806 578 847 hoc
603 833 613 848 ‚
655 805 761 859 quod
791 804 1050 845 Rondeletius
1084 804 1350 843 Cucumerem
1392 805 1585 843 marinum

266 865 481 920 appellavit
499 893 508 908 ‚
537 865 647 915 cujus
671 861 838 916 figuram
868 860 1004 901 rudem
1032 860 1143 900 dedit
1160 888 1170 903 ‚
1202 861 1284 913 Ego
1302 858 1489 900 Echinum
1506 862 1587 899 Co-

146 926 319 964 riaceum
337 934 440 961 voco
458 950 467 964 ,
498 921 605 973 quod
623 918 812 959 structura
838 931 931 958 cum
949 917 1100 956 Echinis
1128 917 1342 957 conveniat
1358 947 1367 962 ,
1397 916 1504 970 quod
1536 929 1586 956 ex

148 979 326 1021 Partibus
358 978 555 1029 triquetris
583 975 734 1015 constet
765 1003 775 1018 ‚
800 975 842 1014 &
870 973 1107 1014 foraminula
1140 972 1335 1027 permulta
1367 973 1406 1011 in
1435 986 1483 1011 eo
1511 970 1586 1012 sint

147 1051 218 1092 per
247 1034 538 1088 longitudinem
565 1031 727 1088 dispersa
743 1060 753 1075 ‚
783 1041 828 1072 ut
844 1032 882 1070 in
899 1031 1048 1071 Echinis
1068 1058 1077 1072 ‚
1107 1031 1150 1070 ὃ(
1167 1030 1274 1083 quod
1293 1030 1460 1085 denique
1490 1027 1588 1081 stru-

148 1096 260 1134 &ura
284 1094 435 1130 interna
447 1090 538 1129 Oris
564 1088 675 1142 hujus
694 1088 895 1143 Zoophyti
924 1087 1052 1129 similis
1077 1084 1120 1127 fit
1134 1085 1347 1129 strmstnme
1366 1087 1456 1125 Oris
1475 1085 1588 1125 Echi-

149 1151 189 1189 ni
207 1177 216 1191 ‚
234 1147 342 1202 quod
360 1174 369 1189 ‚
387 1157 432 1186 ut
448 1146 529 1185 dixi
547 1176 556 1190 ,
587 1147 636 1185 ab
664 1146 854 1199 aliquibus
885 1147 1050 1185 Laterna
1068 1145 1255 1198 Diogenis
1272 1144 1416 1183 dicitur
1432 1168 1441 1179 .
1476 1142 1589 1182 Prae-

148 1216 254 1244 terea
277 1201 456 1242 intestina
484 1202 602 1242 habet
632 1203 668 1240 in
699 1213 834 1242 ventre
858 1201 1064 1242 distincta,
1094 1201 1231 1238 &non
1263 1207 1392 1253 partes
1423 1203 1502 1254 ejus
1533 1201 1590 1238 in-

150 1272 283 1300 ternae
317 1256 549 1297 indiscretae
567 1255 653 1297 sunt
670 1285 680 1300 ‚
705 1256 948 1297 &informes
965 1285 974 1299 ,
1001 1267 1047 1296 ut
1078 1258 1133 1296 ait
1150 1255 1436 1296 Rondeletius.
1468 1257 1588 1296 Circa

149 1320 228 1370 ejus
257 1317 312 1355 Os
339 1312 403 1369 fig.
422 1316 471 1354 D.
487 1314 664 1354 Tab.VI.
696 1312 935 1355 extrinsecus
963 1311 1049 1354 sunt
1070 1310 1246 1354 fimbriae
1276 1326 1438 1354 carneae
1462 1329 1490 1353 c·
1509 1328 1537 1353 c·
1556 1328 1586 1352 c.

151 1376 193 1414 δε
226 1376 264 1412 in
296 1372 424 1412 medio
455 1369 507 1410 est
532 1384 575 1409 os
605 1384 638 1408 a·
666 1368 741 1409 fine
772 1370 950 1411 dentibus
975 1398 986 1414 ,
1011 1384 1131 1424 quare
1163 1369 1423 1423 Zoophyturn
1456 1371 1587 1424 potius

150 1429 283 1484 sugere
298 1461 308 1474 ,
337 1442 454 1482 quam
481 1426 662 1466 mandere
686 1426 795 1466 cibos
827 1428 982 1469 videtur
1002 1456 1009 1463 -
1044 1428 1235 1467 Fimbriae
1265 1425 1354 1466 istae
1371 1427 1419 1466 ad
1437 1427 1491 1466 Os
1508 1441 1590 1466 car-

150 1500 243 1526 neae
260 1484 539 1541 saepenumero
550 1496 628 1523 non
645 1494 856 1523 cernuntur
874 1511 884 1526 ,
901 1496 946 1524 ut
964 1486 1003 1523 in
1019 1481 1152 1538 figuris
1170 1486 1208 1524 E.
1221 1482 1421 1523 F-Tabula
1437 1483 1588 1526 eadem,

152 1556 251 1594 quae
268 1540 460 1592 spoliatae
474 1539 656 1577 videntur
674 1564 682 1578 ‚
700 1548 741 1576 at
755 1536 782 1576 si
799 1541 1089 1591 comprimatur
1110 1553 1255 1592 corpus
1274 1539 1500 1593 Zoophyti,
1517 1539 1589 1579 sta*

152 1597 226 1635 tim
252 1603 445 1649 apparent
474 1592 650 1634 fimbriae
680 1591 769 1634 istae
786 1621 797 1637 ‚
824 1604 868 1633 ut
884 1596 924 1633 in
939 1591 992 1648 fig
1021 1595 1070 1632 D.
1088 1592 1260 1648 ejusdem
1274 1594 1473 1636 Tabulae.

483 1799 956 1859 CAPVT
1064 1801 1262 1860 VII.

310 1929 459 1967 STELLA
491 1938 659 1966 MARINA
689 1938 918 1968 VVLGARIS,
950 1937 994 1966 ET
1027 1940 1120 1978 13va
1152 1927 1405 1966 CEREBRITES
1427 1955 1435 1963 .

270 2053 437 2092 Voniam
465 2053 594 2107 capite
616 2050 661 2090 V.
690 2049 848 2104 loquuti
874 2048 999 2091 sumus
1024 2051 1071 2090 de
1093 2050 1240 2092 Inceffu
1258 2052 1494 2097 Echinorum
1514 2083 1522 2096 ,
1548 2054 1592 2092 &

283 2124 418 2149 eorum
444 2108 634 2149 struetum
664 2138 673 2153 ‚
701 2107 908 2161 loquemur
934 2110 976 2148 &
1001 2108 1086 2148 heic
1119 2109 1166 2148 de
1193 2109 1398 2149 Stellarum
1425 2111 1592 2149 marina-‘-

160 2181 245 2206 rum
272 2165 434 2211 incessu,
459 2167 500 2205 ὃς
523 2165 572 2204 de
597 2179 727 2204 earum
755 2165 944 2204 structura
961 2193 970 2207 ,
1004 2167 1046 2205 ὃς
1079 2166 1253 2220 partibus
1285 2194 1294 2208 ‚
1324 2180 1422 2219 quae
1456 2168 1591 2206 omnia

159 2222 291 2277 aliquo
315 2223 436 2263 modo
469 2237 559 2263 cum
577 2221 727 2261 Echinis
753 2223 1018 2261 conveniunt.
1049 2223 1103 2261 Vt
1115 2223 1222 2261 enim
1254 2223 1436 2263 incedant
1454 2223 1593 2263 Stellae

159 2280 275 2331 pedes
309 2292 464 2333 quoque
489 2281 532 2319 ὃς
562 2276 662 2334 ipsae
694 2277 896 2333 proferunt
927 2293 948 2317 a
977 2293 1147 2332 corpore
1166 2309 1174 2323 ‚
1207 2280 1248 2318 ὃ(
1281 2280 1397 2319 radiis
1423 2279 1493 2319 suis
1537 2281 1594 2319 in-

156 2349 335 2375 numeros
354 2362 363 2376 ‚
393 2339 531 2388 quibus
551 2335 736 2375 incedunt
754 2364 762 2377 ‚
787 2347 832 2374 ut
865 2335 994 2374 videre
1018 2335 1069 2376 est
1097 2335 1250 2376 Tabula
1269 2337 1333 2375 VI.
1366 2333 1419 2389 fig
1465 2337 1499 2374 A
1544 2338 1587 2376 &

157 2391 272 2444 pedes
302 2394 426 2432 exerti
445 2391 606 2446 expreffi
645 2392 731 2432 sunt
758 2391 824 2432 sub
857 2391 995 2432 litteris
1026 2394 1046 2433 b
1078 2393 1108 2432 l)-
1129 2393 1149 2431 b
1180 2393 1211 2432 b.
1246 2394 1301 2431 Os
1332 2406 1489 2446 quoque
1533 2392 1591 2433 f02

157 2447 322 2489 liaceum
338 2477 348 2493 ,
373 2446 432 2489 seu
453 2447 689 2490 fimbriatum
718 2448 923 2506 proferunt
939 2451 1075 2492 Stellae
1103 2449 1173 2490 hae
1199 2448 1376 2502 vulgares
1396 2479 1404 2493 ,
1438 2460 1481 2489 ut
1499 2463 1591 2503 pro-

891 2507 931 2545 N
964 2519 987 2546 2
1464 2504 1594 2547 ferunt
