2125 2915
429 204 895 246 APPENDIX
954 201 1274 244 PRIMA.
1538 207 1587 250 89

120 299 183 355 fig.
218 301 285 341 XI.
320 295 440 339 modo
470 296 603 336 damus
635 295 806 335 conchas
842 292 1047 335 anatiferas
1078 305 1167 333 cum
1205 288 1386 344 pediculo
1420 286 1560 341 rugoso
1577 314 1586 322 -

179 357 287 398 XXV·
321 356 406 409 Pag-
430 367 490 406 32-
510 355 534 393 l-
562 366 613 403 15.
646 353 714 393 His
730 350 893 391 Tellinis
924 350 1102 391 addenda
1118 346 1271 389 Tellina
1296 346 1503 385 mediocris
1521 359 1588 399 pa-

123 428 210 454 rum
240 410 428 467 globosa,
459 408 639 463 &figura
672 407 750 448 fere
769 407 963 450 rotunda,
998 403 1185 447 albissima
1203 434 1212 448 ‚
1243 411 1287 441 ut
1315 401 1439 441 lactea
1469 400 1584 454 plane

121 468 167 509 fit
182 499 192 514 ‚
225 480 463 522 quamquam
484 466 589 505 lineis
617 465 869 505 circularibus
897 462 1130 504 extrinsecus
1147 459 1191 500 fit
1207 460 1378 498 donata.
1410 458 1447 497 A
1466 458 1590 497 Vene-

122 535 165 565 to
184 525 318 565 littore
349 522 557 563 advehitur
589 534 746 575 quoque
774 520 822 560 ad
841 534 909 560 nos
922 520 1075 560 Tellina
1091 516 1291 557 avellanae
1322 515 1486 553 minoris
1504 527 1590 552 mo-

122 581 157 620 le
175 610 184 624 ,
215 583 258 620 &
275 578 399 634 figura
418 607 427 622 ,
448 577 709 633 pulcherrime
727 577 926 631 variegata
945 604 955 620 ‚
987 575 1048 616 seu
1063 574 1176 616 variis
1195 570 1390 612 coloribus
1421 569 1585 624 pulchre

120 636 300 677 diffindit}
318 668 326 676 .

178 693 305 733 XXVI.
339 692 424 747 Pag.
444 705 506 744 34.
525 692 546 731 Ι.
565 704 604 738 4.
636 691 743 744 Qas
758 690 847 731 heic
863 689 1053 730 Pholadas
1070 686 1212 728 vocavi
1227 684 1331 740 apud
1363 698 1431 723 nos
1450 686 1493 724 &
1507 683 1591 746 ‘An-

123 750 248 789 chone
265 780 273 793 ,
304 750 372 788 ubi
404 746 491 788 sunt
514 745 838 800 frequentiffimae
854 775 863 789 ‚
887 747 1016 786 Balani
1033 745 1254 785 vocitantur
1271 770 1281 784 ‚
1315 743 1357 781 ἃ
1376 742 1414 779 in
1439 740 1590 780 dellens

124 804 212 845 sunt
244 819 318 859 pro
335 806 453 846 cibo,
486 813 566 842 tam
582 807 745 846 coetae,
779 818 898 857 quam
927 801 1068 842 crudae
1087 831 1097 846 ,
1125 796 1265 853 quaefi
1295 799 1417 837 nocstu
1446 795 1588 837 crudae

121 860 359 914 exspuantur
388 860 576 899 conclave
594 858 801 900 obscurum
818 857 1049 899 collustrant
1066 888 1072 894 .
1102 853 1252 908 Insigne
1271 855 1374 893 enim
1394 851 1591 907 phospho-

121 931 208 956 rum
224 916 331 956 sunt.
363 917 473 955 Inter
504 914 591 954 saxa
608 914 671 954 seu
691 913 808 956 infixa
833 916 1025 968 reperitur
1040 926 1195 966 quoque
1211 909 1364 952 Tellina
1393 909 1587 963 quaedam

122 971 285 1026 globosa
303 971 426 1011 altera
445 982 557 1024 parte
573 972 730 1025 longior
747 1003 758 1016 ,
786 974 827 1011 ὃς
843 981 957 1011 acuta
972 997 983 1013 ,
1017 969 1187 1023 perfecfte
1204 968 1348 1020 ubique
1372 963 1500 1006 clausa
1518 996 1527 1010 ‚
1546 963 1589 1003 δε

123 1042 202 1068 non
218 1031 401 1081 utrinque
434 1026 639 1080 subaperta
656 1055 665 1069 ‚
699 1029 756 1067 uti
772 1026 823 1067 est
837 1027 976 1068 Pholas
1007 1025 1074 1066 ista
1090 1025 1252 1065 Balanus
1282 1023 1387 1064 clieta
1425 1021 1556 1062 viridis
1576 1047 1587 1063 ‚

121 1099 220 1138 quae
245 1084 408 1123 Glandis
427 1081 487 1123 seu
504 1083 635 1122 Balani
654 1082 768 1123 instar
782 1083 833 1123 est
849 1116 857 1124 .

177 1140 324 1180 XXVII·
357 1140 443 1195 Pag.
461 1145 523 1190 36-
557 1138 905 1181 Observationibus
934 1140 1075 1181 deinde
1099 1138 1260 1180 edoctus
1289 1135 1369 1176 sum
1385 1139 1557 1175 Cancros
1574 1161 1584 1176 ‚

123 1196 287 1249 Squillas
304 1226 315 1239 ,
348 1193 584 1249 Astacosque
601 1211 735 1236 omnes
752 1195 974 1238 mollescere
989 1227 1000 1242 ‚
1030 1198 1089 1236 uti
1107 1192 1339 1233 mollescunt
1355 1192 1502 1231 Cancri
1518 1188 1588 1231 flu-

121 1252 272 1292 viatiles
289 1278 298 1293 ,
328 1253 395 1305 qui
411 1250 501 1290 frixi
532 1254 570 1290 in
586 1252 733 1291 deliciis
751 1252 839 1292 sunt
854 1281 864 1296 ,
895 1251 1123 1307 praesertim
1146 1251 1302 1290 Romae
1319 1275 1329 1292 ‚
1357 1249 1455 1288 &in
1476 1248 1589 1287 Etru-

120 1309 178 1347 ria
199 1336 208 1349 ‚
238 1307 306 1347 ubi
322 1309 468 1347 Cancri
485 1310 608 1348 teneri
626 1310 783 1348 nomine
806 1311 994 1350 veniunt.

177 1363 340 1405 XXVIII.
372 1364 457 1418 Pag.
476 1378 532 1416 37.
552 1365 575 1404 l.
594 1378 653 1404 20.
684 1366 883 1405 Cancrum
898 1366 1092 1417 majorem
1121 1362 1334 1402 cordatum
1365 1359 1561 1401 hirsutum
1578 1389 1588 1406 ,

119 1422 161 1460 &
177 1420 382 1461 tuberculis
399 1418 612 1460 scatentem
645 1419 901 1461 describemus
917 1423 956 1461 in
970 1420 1122 1460 Tabula
1139 1419 1231 1458 1111.
1259 1417 1502 1472 Appendicis
1522 1430 1593 1457 ex-

119 1477 311 1529 preffum.
344 1478 445 1516 Item
477 1475 732 1517 describemus
762 1477 969 1518 Cancellos
1000 1478 1097 1517 duos
1127 1477 1165 1515 in
1183 1475 1396 1527 majoribus
1430 1474 1589 1513 marinis

118 1533 299 1571 Cochleis
325 1530 648 1570 caffidiformibus
675 1532 856 1585 degentes
872 1563 882 1578 ,
914 1533 1155 1572 &Tab.111.
1183 1532 1226 1569 &
1244 1530 1335 1569 IIII.
1368 1528 1563 1585 expreffos
1580 1559 1588 1568 .

178 1587 359 1627 XXVIIII.
392 1586 478 1641 Pag.
502 1592 563 1636 38.
581 1588 645 1626 lin.
666 1599 720 1634 14.
752 1589 957 1627 Interdum
973 1587 1077 1641 apud
1110 1599 1178 1625 nos
1209 1587 1404 1640 reperitur
1422 1584 1587 1626 Locusta

117 1642 183 1682 illa
199 1643 438 1698 longioribus
454 1642 583 1682 Chelis
601 1658 622 1681 a
638 1642 887 1683 Rondeletio
901 1645 980 1682 Leo
997 1644 1112 1683 dicta·
1134 1640 1263 1681 Astaci
1285 1655 1440 1693 quoque
1457 1642 1587 1681 denuo

117 1699 202 1739 heic
220 1699 312 1740 facsti
328 1697 412 1738 sunt
432 1698 648 1752 frequentes
663 1729 673 1744 ‚
706 1701 749 1738 ὃ(
764 1698 950 1739 differunt
964 1700 1012 1739 ab
1029 1700 1072 1738 iis
1088 1725 1097 1740 ,
1131 1698 1198 1749 qui
1216 1695 1303 1736 sunt
1333 1694 1588 1750 sesquipedali

118 1756 360 1808 longitudine
374 1786 384 1800 ‚
415 1758 482 1807 qui
498 1754 616 1794 nostri
632 1757 791 1794 Lictoris
809 1758 968 1808 proprie
986 1770 1065 1795 non
1097 1753 1181 1793 sunt
1194 1783 1204 1797 ,
1237 1750 1301 1792 sed
1317 1766 1365 1791 ex
1382 1753 1587 1794 Dalmatia

118 1813 388 1852 advehuntur.
421 1812 471 1850 Hi
488 1809 599 1847 crudi
624 1811 721 1848 varii
749 1810 893 1849 coloris
910 1809 1022 1852 sunt,
1055 1808 1118 1849 sed
1134 1811 1239 1849 coeti
1269 1807 1465 1848 rufescunt
1482 1809 1585 1849 mul-

115 1879 225 1909 tum,
257 1870 300 1906 &
334 1865 443 1904 unius
474 1863 620 1904 coloris
638 1864 745 1905 rubri
778 1876 934 1906 tantum
966 1876 1185 1921 apparent;
1215 1863 1356 1904 Chelas
1383 1865 1509 1905 laevas
1543 1868 1586 1906 &

116 1938 275 1977 magnas
307 1922 452 1960 habent
468 1952 477 1966 ‚
507 1930 551 1960 ut
567 1919 782 1961 Piscatores
800 1923 842 1961 iis
862 1932 1022 1963 utantur
1048 1935 1122 1974 pro
1146 1921 1291 1964 thecis,
1309 1922 1349 1959 in
1375 1921 1512 1973 quibus
1530 1920 1587 1963 sal

117 1980 296 2019 condunt
325 1991 398 2031 pro
412 1979 507 2018 cibis
539 1977 788 2017 condiendis.
824 1978 955 2018 Astaci
988 1977 1105 2018 nostri
1122 1977 1299 2032 vulgares
1330 1977 1441 2016 crudi
1473 1979 1584 2019 unius

118 2035 262 2074 coloris
292 2035 369 2075 albi
387 2033 470 2074 sunt
487 2065 497 2080 ,
530 2036 571 2073 ὃ(
588 2035 691 2073 cocti
711 2047 849 2087 parum
868 2035 929 2075 vel
947 2034 1043 2074 nihil
1060 2033 1254 2074 rufescunt
1267 2064 1276 2078 ‚
1309 2031 1374 2073 nisi
1392 2033 1560 2075 affentur
1575 2066 1586 2081 ‚

119 2101 212 2130 tunc
230 2093 332 2132 enim
351 2106 488 2147 parum
504 2089 697 2131 rufescunt
714 2123 719 2128 .
752 2090 892 2131 Chelas
911 2091 1056 2131 habent
1080 2088 1270 2144 oblongas
1288 2089 1462 2133 ,striatas
1479 2118 1489 2133 ,
1511 2090 1587 2145 spi-

117 2145 223 2187 nosas
240 2178 250 2193 ,
280 2150 322 2188 δε
338 2149 418 2188 aliis
436 2147 707 2202 asperitatibus
739 2147 902 2187 donatas
920 2175 928 2190 ‚
962 2146 1022 2188 sed
1041 2161 1254 2201 numquam
1270 2148 1325 2186 ita
1346 2145 1431 2186 sunt
1448 2148 1586 2187 imma-

118 2217 180 2243 nes
202 2235 211 2249 ,
239 2217 283 2244 ut
298 2206 336 2243 in
366 2206 489 2260 priori
516 2206 584 2244 illo
604 2202 832 2243 Astacorum
854 2219 992 2257 genere
1009 2204 1263 2244 Dalmatino.
1296 2202 1481 2244 Locustae
1500 2204 1586 2244 vul-

118 2274 168 2313 go
186 2263 350 2315 Aragoste
367 2289 376 2303 ‚
409 2276 506 2315 quae
524 2260 738 2314 frequentes
772 2259 854 2299 sunt
872 2263 908 2299 in
924 2261 1133 2316 Tyrrheno
1152 2261 1271 2302 mari,
1290 2260 1394 2313 apud
1417 2275 1486 2300 nos
1505 2274 1585 2300 non

118 2318 365 2370 reperiuntur
393 2346 401 2361 ,
441 2317 499 2358 sed
536 2319 702 2358 multum
735 2319 978 2357 conveniunt
1008 2332 1097 2358 cum
1131 2317 1278 2356 Astacis
1319 2315 1453 2355 nostris
1489 2316 1586 2356 Dal-

119 2375 274 2413 marinis
292 2401 301 2415 ‚
334 2373 393 2414 sed
421 2374 625 2429 aliquanto
659 2376 825 2413 minores
843 2372 928 2413 sunt
946 2403 954 2416 ,
988 2374 1184 2414 &Chelas
1212 2374 1389 2412 minimas
1419 2384 1583 2425 gerunt.

176 2430 323 2470 XXXX·
356 2431 440 2485 Pag.
461 2447 525 2479 40.
550 2437 586 2472 in
599 2432 677 2485 fine
694 2462 702 2469 .
732 2431 844 2471 Varia
864 2431 967 2485 apud
1002 2445 1069 2471 nos
1089 2430 1293 2471 Stellarum
1317 2443 1455 2482 genera
1475 2443 1586 2484 prae-

915 2489 959 2527 M
1520 2497 1580 2526 ter
