2125 2915
591 213 666 253 116
916 204 1280 247 APPENDIX
1324 204 1679 246 SECVNDA.

585 297 652 337 leis
669 295 786 336 oculo
814 301 966 332 armato
982 300 1138 331 tanturn
1161 290 1395 347 conspicuis;
1416 292 1612 334 interdum
1630 294 1834 337 ramusculi
1849 299 1927 350 ejus
1943 301 1998 341 ita

585 353 771 394 contadtu
796 350 984 389 uniuntur
1001 349 1101 388 inter
1124 347 1159 389 se
1173 379 1185 394 ,
1215 359 1259 388 ut
1276 348 1412 389 divelli
1434 347 1510 390 fine
1525 349 1760 393 laceratione
1783 366 1975 406 nequeant
1990 382 1998 392 .

871 527 1267 588 CAPVT
1389 529 1694 592 XXXI.

764 629 942 669 SPONGIA
972 641 1135 668 RAMOSA
1169 641 1350 670 RAMVLIS
1378 643 1548 672 CONICIS
1581 642 1787 673 EchVA‘rA
1806 663 1813 670 .

584 704 641 791 S
660 704 807 757 Pongia
830 703 923 744 haec
950 701 1097 743 ramosa
1121 701 1274 744 Tabula
1304 702 1411 743 XIII·
1437 699 1504 743 sub
1535 702 1668 745 littera
1697 706 1736 745 Β.
1763 705 1933 760 expreffa
1949 704 1999 746 ad

673 760 893 814 bipedalem
918 760 1196 803 altitudinem,
1226 760 1268 798 δε
1297 757 1464 812 amplius
1497 760 1697 801 interdum
1728 760 1917 815 affurgit.
1947 763 1996 800 In

579 817 741 856 Trunco
769 817 868 855 &in
895 815 1074 856 Ramulis
1104 825 1190 854 tota
1210 813 1384 868 foveolis
1399 814 1629 867 quibusdam
1645 832 1679 856 a.
1698 834 1730 857 a.
1750 833 1783 857 a.
1801 818 1853 858 est
1882 831 2002 858 exca-

579 885 695 914 vata.
727 874 773 913 In
792 873 866 912 istis
885 871 1046 913 foveolis
1071 870 1203 910 haeret
1217 869 1345 924 liquor
1377 868 1547 924 impense
1577 872 1694 913 ruber
1712 901 1722 916 ‚
1754 873 1821 928 qui
1839 884 1997 927 tangen-

578 931 677 970 tium
710 943 870 974 manus,
911 930 954 968 &
984 927 1189 982 spongiam
1217 924 1431 968 universam
1463 924 1590 967 inficit
1608 955 1616 963 ·
1644 929 1794 982 Liquor
1824 932 1995 971 virorem

578 986 789 1039 quemdam
819 985 965 1040 spirat,
996 987 1062 1040 qui
1096 998 1173 1024 non
1198 984 1360 1023 omnino
1389 985 1563 1036 ingratus
1580 984 1651 1025 est.
1698 985 1859 1026 Ramuli
1883 985 1997 1037 hujus

577 1042 763 1096 spongiae
789 1043 985 1083 interdum
1017 1044 1071 1082 ita
1087 1043 1276 1082 uniuntur
1303 1041 1404 1080 inter
1421 1040 1482 1086 se,
1511 1051 1557 1080 ut
1588 1041 1720 1084 divelli
1744 1040 1819 1083 fine
1848 1041 1997 1082 lacera-⁶

579 1101 687 1139 tione
704 1129 714 1144 ‚
746 1111 790 1141 ut
808 1099 846 1140 in
863 1098 1114 1156 praecedenti
1130 1129 1140 1145 ,
1172 1105 1367 1152 nequeant
1384 1124 1393 1134 .

842 1283 1241 1349 CAPVT
1363 1285 1711 1343 XXXII.

777 1384 956 1424 SPONGIA
988 1393 1166 1425 ‘VELARIA
1207 1399 1373 1426 RAMOSA
1406 1398 1536 1426 RAM1s
1566 1398 1786 1426 ῙΜΡιΒΧΙε.

582 1468 637 1558 S
656 1471 804 1527 Pongia
821 1473 916 1514 haec
941 1475 987 1514 ad
1006 1477 1052 1515 C.
1067 1474 1160 1515 Tab.
1181 1475 1283 1515 XIV.
1302 1467 1472 1528 expressa
1488 1472 1626 1514 velaris
1644 1502 1654 1516 ‚
1682 1464 1744 1511 seu
1760 1472 1906 1512 velaria
1936 1470 1990 1512 di-

668 1529 751 1572 csta,
783 1531 888 1581 quod
915 1534 1039 1570 tenuis
1055 1529 1099 1569 sit
1114 1558 1123 1570 ,
1156 1531 1197 1568 ὅς
1224 1542 1310 1567 tota
1328 1528 1571 1565 foraminulis
1591 1525 1844 1577 transparens‚
1866 1528 1990 1567 veluti

578 1584 707 1624 velum
725 1611 734 1624 ‚
765 1582 914 1621 ramosa
930 1582 982 1620 est
995 1607 1007 1622 ‚
1025 1584 1067 1619 ὃς
1084 1585 1163 1632 ejus
1181 1583 1280 1619 rami
1297 1576 1549 1632 implicantur
1566 1580 1665 1618 inter
1682 1578 1715 1617 se
1734 1607 1743 1620 ‚
1761 1591 1805 1618 ut
1821 1584 1994 1621 cernitur

578 1642 616 1679 in
633 1638 750 1678 allata
764 1633 889 1690 figura
906 1665 914 1672 .
942 1637 988 1676 In
1004 1637 1084 1690 ejus
1101 1632 1259 1677 ramulis
1279 1636 1475 1675 interdum
1491 1634 1681 1674 foramina
1698 1637 1848 1687 majora
1873 1650 1995 1690 appa—

579 1706 666 1736 rent
684 1723 691 1730 .
723 1691 959 1734 Adnascitur
977 1694 1089 1734 variis
1104 1693 1215 1733 rebus
1231 1693 1387 1732 marinis
1407 1720 1415 1734 ,
1436 1689 1498 1731 sed
1516 1690 1741 1746 praesertim
1759 1692 1993 1748 Petrobryis;

577 1751 628 1791 est
644 1752 822 1790 omnium
839 1751 1100 1804 Spongiarum
1131 1746 1347 1790 tenuissima
1366 1777 1376 1794 ,
1400 1759 1444 1789 ut
1461 1758 1548 1789 tota
1577 1761 1624 1787 ex
1655 1745 1911 1788 minutiffimis
1928 1764 1996 1790 ve-

578 1808 637 1847 Iut
653 1811 894 1848 Aranearum
909 1803 983 1845 filis
1000 1804 1173 1846 conflata
1189 1804 1368 1845 videatur
1384 1833 1391 1840 .
1422 1806 1546 1845 Etiam
1564 1802 1755 1845 exficcata
1780 1804 1990 1846 mollitiem

578 1863 704 1904 servat
722 1893 731 1905 ,
762 1874 807 1902 ut
834 1861 1051 1915 goffypium
1076 1862 1282 1900 attrectare
1299 1860 1474 1899 videatur
1493 1889 1500 1896 .
1534 1860 1637 1900 Alba
1666 1860 1893 1913 plerumque
1911 1861 1964 1902 est
1978 1890 1989 1905 ,

578 1918 640 1959 sed
672 1918 870 1957 interdum
901 1916 1054 1957 subrufa
1073 1948 1079 1955 .
1103 1917 1269 1955 Videtur
1297 1914 1365 1954 effe
1382 1915 1637 1970 peculiarium
1652 1912 1891 1954 lnseetorum
1907 1919 1991 1956 Do-

579 1974 769 2015 micilium
797 1988 844 2014 ex
874 1975 988 2014 variis
1015 1973 1087 2013 illis
1108 1972 1366 2012 foraminibus
1398 1973 1438 2012 in
1455 1970 1654 2014 Schemate
1670 1968 1848 2025 expressis
1866 1998 1873 2007 .

815 2147 1209 2209 CAPVT
1332 2144 1739 2204 XXXIII.

637 2251 815 2290 SPONGIA
844 2255 1035 2292 HIRCINA
1066 2264 1270 2290 SATVRATE
1298 2261 1427 2292 RVFA,
1445 2258 1603 2288 RAMOSA
1622 2275 1632 2290 ,
1663 2259 1709 2286 ET
1734 2258 1925 2284 IMPLEXA.

687 2321 725 2359 D
755 2322 802 2361 D.
821 2322 956 2362 eadem
970 2321 1120 2362 Tabula
1138 2322 1240 2363 XIV.
1267 2319 1320 2362 est
1350 2319 1519 2374 Spongia
1533 2314 1694 2358 Hircina
1719 2315 1824 2356 did'ca
1841 2314 1984 2355 coloris

698 2377 866 2433 impense
892 2380 996 2420 rubri
1012 2380 1230 2433 Petrobryo
1253 2378 1393 2418 adnata
1410 2408 1420 2422 ‚
1448 2386 1546 2430 quae
1562 2373 1613 2414 est
1628 2372 1841 2413 admodum
1858 2371 1955 2411 dura
1971 2395 1983 2412 ,

579 2439 621 2477 ὃς
645 2450 744 2491 quae
759 2433 862 2491 quasi
883 2450 931 2476 ex
958 2446 1020 2476 tot
1044 2434 1200 2488 hispidis
1231 2433 1471 2475 craffioribus
1507 2430 1593 2472 setis
1631 2428 1740 2471 fimul
1771 2427 1983 2524 ἰῐῃρὲὶἓὲιῖέῗ
