2145 2910
533 209 1140 256 Mruszorrs
1522 221 1567 261 35

154 310 201 339 ut
226 298 289 339 ille
303 297 533 339 Rondeletii
555 330 562 338 .
606 297 745 339 Noster
757 298 865 337 enim
888 293 1035 347 semper
1068 294 1110 333 in
1127 303 1244 332 arena
1260 301 1386 342 prope
1401 285 1506 326 littus
1522 289 1579 350 vi-

157 366 238 394 tam
255 354 382 408 degit,
411 364 456 394 ut
471 355 519 394 ab
535 355 647 394 undis
679 365 810 394 tamen
840 351 1022 391 abluatur
1040 378 1050 394 ,
1088 361 1178 387 nam
1210 343 1236 385 si
1266 343 1332 383 diu
1359 341 1426 406 sub
1452 356 1574 406 arems

156 411 197 449 in
209 408 313 450 ficco
340 421 497 450 maneat
513 440 524 455 ‚
550 421 597 449 ut
612 409 805 450 interdum
822 409 860 448 in
874 407 1020 459 magnis
1042 402 1266 464 refluxibus'
1284 413 1399 463 maris
1411 399 1573 461 accidit,

160 468 351 505 continuo
365 467 534 507 moritur
550 497 557 505 .
588 466 773 506 Comedit
787 474 965 504 mortuos
981 458 1102 515 pisces
1123 486 1133 501 ‚
1156 459 1201 497 ,δε
1219 456 1294 496 alia
1311 468 1579 518 inquinamen-

115 520 117 523 ’
139 521 261 573 &aad
278 521 383 575 littus
398 521 560 573 reli3dla3
592 535 709 574 quare
738 518 817 575 ipse
846 530 892 559 ut
919 520 961 558 <Sc
986 516 1106 555 Pulex
1131 514 1301 553 marinus
1334 538 1344 553 ‚
1381 524 1448 564 qui
1472 509 1577 566 apud

158 590 228 615 nos
258 572 584 630 frequentiffirnus
600 575 652 615 est
664 606 674 620 ‚
691 577 816 616 Littus
832 573 1005 613 nostrum
1018 573 1071 611 ab
1085 571 1194 609 omni
1208 567 1319 607 sorde
1344 578 1578 629 expurgant,

160 645 280 685 quum
303 633 491 673 cadavera
522 633 655 672 omnia
684 645 762 683 qua
790 631 939 670 marina
955 657 965 673 ‚
991 641 1069 680 qua
1094 622 1285 665 terrestria
1311 622 1580 676 prod1g1aliter

158 698 303 727 vorent
317 717 328 733 ‚
357 689 452 742 quin
466 688 509 727 ὃ(
525 687 663 728 stercus
688 686 799 726 simul
830 687 872 724 ὅ(
888 683 963 723 alia
979 683 1271 735 inquinamenta
1286 709 1293 716 .
1329 679 1463 728 Qiare
1479 679 1581 741 Can-

158 755 243 781 cros
260 742 405 783 nostros
422 771 432 785 ‚
463 743 666 787 &Pulices
685 743 771 783 illos
800 739 945 781 caussae
969 737 1040 778 effe
1070 736 1189 777 credo
1221 749 1292 774 cur
1321 747 1383 773 aer
1411 747 1580 773 marmus

159 798 270 836 nobis
281 827 290 840 ‚
307 801 364 836 uti
379 801 421 838 ὅ(
436 799 677 852 plerumque,
695 797 851 837 salubris
866 794 911 836 fit
926 825 937 840 ,
955 808 1072 847 quum
1092 794 1142 832 ab
1158 792 1338 831 omnibus
1359 789 1583 844 graveolen-

161 852 264 890 tibus
294 867 369 905 ope
397 852 538 892 horum
555 852 881 892 animalculorum
913 858 1178 903 expurgetur·
1209 847 1359 885 Cancer
1377 845 1439 884 hic
1470 845 1580 898 depi-

157 907 240 945 dtus
258 918 402 958 pronus
419 909 461 944 ὃς
477 905 629 959 supinus
646 921 723 946 mas
739 906 812 951 est,
827 904 1051 958 ‘oblongior
1067 905 1170 943 enim
1186 900 1238 942 est
1254 929 1263 943 ‚
1290 900 1395 954 quod
1413 901 1452 939 in
1466 902 1578 940 omni

157 961 403 1000 cancrorum
416 975 557 1014 genere
584 961 811 1015 plerumque
829 960 975 1000 accidit
991 993 1001 1005 ‚
1033 970 1077 998 ut
1092 972 1214 998 mares
1229 957 1477 1010 oblongiores
1505 954 1577 998 sint

153 1028 274 1068 >quam
292 1014 479 1055 feminae.
507 1017 709 1056 Praeterea
738 1030 859 1055 mares
888 1017 929 1055 in
961 1024 1097 1054 ventre
1127 1014 1355 1066 operculum
1372 1041 1382 1057 ‚
1411 1010 1470 1051 seu
1487 1026 1580 1052 cau-

153 1071 248 1110 dam
271 1070 553 1124 angustiorem,
583 1071 917 1124 &triangularem
947 1071 1092 1110 habent
1108 1085 1118 1114 ;
1146 1069 1308 1110 feminae
1340 1082 1434 1109 vero
1467 1067 1582 1108 latio-

159 1139 242 1166 rem
260 1155 271 1171 ,
302 1128 345 1166 &
373 1128 646 1168 rotundiorem
664 1158 672 1172 ,
702 1126 769 1168 sub
786 1142 862 1181 qua
878 1142 953 1168 ova
971 1127 1148 1166 condunt
1166 1156 1176 1170 ,
1208 1126 1251 1164 ὃς
1267 1124 1413 1178 gestant
1428 1151 1436 1157 -

214 1182 265 1220 II.
298 1184 450 1221 Cancer
473 1183 610 1236 latipes
631 1198 773 1238 parvus
797 1183 910 1224 vellit
926 1184 1049 1223 aureis
1065 1211 1074 1225 ‚
1092 1194 1137 1220 ut
1153 1182 1201 1220 de
1217 1182 1365 1230 majore
1381 1177 1508 1231 aliqua
1525 1178 1581 1218 di-

156 1249 313 1275 camus.
345 1237 474 1276 Minus
502 1248 645 1277 notum
676 1253 832 1291 quoque
861 1240 901 1276 in
929 1239 1035 1276 libris
1065 1235 1143 1288 ipse
1173 1233 1244 1276 est,
1271 1234 1363 1273 licet
1392 1234 1495 1287 apud
1513 1249 1581 1275 nos

157 1289 430 1345 vulgatissimus
458 1319 468 1334 ‚
501 1295 543 1333 ὃς
562 1307 584 1332 a
598 1292 855 1346 piscatoribus
874 1290 1023 1347 semper
1044 1319 1054 1334 ,
1083 1293 1126 1330 &
1143 1304 1269 1346 prope
1285 1289 1393 1329 littus
1410 1290 1452 1328 &
1470 1291 1508 1329 in
1525 1290 1582 1330 al-

158 1358 201 1387 to
217 1345 398 1389 immensa
414 1349 531 1402 copia
545 1350 723 1402 capiatur
742 1377 748 1384 .
778 1349 926 1402 Vulgus
957 1348 1161 1388 Macinette
1178 1357 1326 1388 vocant
1343 1373 1352 1388 ‚
1383 1343 1441 1384 sed
1473 1345 1580 1386 diffe-

159 1415 251 1444 runt
276 1405 325 1444 ab
341 1405 384 1443 iis
399 1431 409 1447 ‚
441 1418 539 1457 quae
549 1406 723 1445 Venetiis
740 1403 789 1445 fic
817 1405 1002 1445 dicuntur
1023 1431 1032 1446 ‚
1067 1418 1188 1457 quum
1205 1403 1347 1443 Cancri
1370 1401 1427 1441 illi
1442 1404 1581 1442 Veneti

155 1457 205 1498 sic
221 1460 318 1499 dieti
335 1461 474 1500 marini
490 1462 653 1500 omnino
677 1475 757 1501 non
772 1459 843 1501 fint
859 1489 868 1503 ,
901 1459 964 1501 sed
997 1459 1223 1513 stagnorum
1240 1487 1250 1502 ‚
1282 1458 1492 1500 lutulenti,
1525 1457 1581 1497 fu-

156 1513 234 1558 sci,
265 1516 429 1569 &quod
459 1528 579 1571 caput
609 1516 764 1558 estnon
793 1517 1003 1571 latipedes.
1035 1515 1168 1557 Nostri
1190 1514 1275 1555 sunt
1292 1515 1368 1554 albi
1387 1543 1396 1558 ,
1427 1515 1469 1553 ὃς
1499 1516 1579 1566 ejus

157 1572 432 1623 magnitudinis
449 1602 459 1618 ‚
488 1587 564 1627 qua
581 1573 758 1627 vulgares
776 1574 919 1613 Cancri
945 1571 1146 1613 fluviatiles
1181 1574 1344 1622 majores
1375 1598 1385 1612 ‚
1416 1568 1479 1609 sed
1500 1584 1578 1609 non

159 1637 240 1665 tam
255 1626 396 1668 feroces
413 1655 423 1671 ‚
447 1644 567 1682 quum
592 1631 760 1668 tenuiori
777 1628 900 1668 crusta
922 1628 1170 1668 obducantur
1189 1644 1196 1651 ·
1229 1626 1346 1665 Pedes
1376 1625 1432 1663 illi
1450 1637 1579 1666 extre-

159 1684 212 1722 mi
230 1709 240 1724 ,
258 1696 353 1735 quos
371 1684 467 1722 latos
485 1684 629 1723 habent
645 1709 655 1724 ‚
671 1684 918 1722 rotundiores
942 1682 1027 1721 sunt
1044 1712 1054 1726 ‚
1069 1684 1111 1720 ὃ(
1131 1682 1391 1735 proportione
1409 1680 1510 1720 faeta
1526 1681 1580 1720 la-

159 1738 272 1775 tiores
302 1750 419 1788 quam
449 1738 490 1775 in
519 1735 730 1789 superiori·
764 1736 890 1778 Hosce
922 1738 1036 1790 pedes
1068 1738 1180 1776 clatos
1211 1734 1280 1774 effe
1299 1750 1319 1774 a
1338 1738 1491 1775 Natura
1522 1735 1579 1774 his

161 1793 318 1830 Cancris
345 1806 435 1830 cum
449 1791 659 1830 Aristotele
689 1793 860 1829 arbitror
876 1821 887 1835 ,
915 1803 961 1829 ut
978 1793 1025 1829 ad
1046 1792 1215 1829 nandum
1232 1789 1303 1828 fint
1321 1790 1433 1829 utiles
1449 1820 1459 1835 ,
1477 1792 1517 1829 ἃ
1534 1802 1579 1829 ut

143 1848 390 1899 pinnarum,
420 1846 481 1884 vel
507 1845 764 1899 palmularum
796 1847 880 1884 vice
902 1843 975 1884 sint
999 1860 1007 1888 ς
1039 1843 1247 1897 Ipsumque
1272 1847 1469 1883 Cancrum
1508 1845 1577 1884 esse

157 1900 369 1953 latipedem
399 1899 536 1945 illum,
566 1915 682 1954 quern
699 1898 896 1954 descripsit
929 1899 1185 1941 Aristoteles,
1222 1901 1287 1952 qui
1304 1912 1425 1952 quum
1456 1901 1494 1938 in
1510 1915 1580 1940 no-

160 1956 236 1997 stro
253 1957 350 1996 mari
366 1986 376 2001 ,
405 1957 511 2011 quod
526 1957 686 2008 Jonico‚
703 1957 744 1995 &
759 1959 944 1997 Graeciae
962 1959 1058 1995 mari
1077 1953 1284 1995 finitimum
1302 1953 1374 2000 est,
1388 1967 1466 1994 tam
1485 1969 1580 2008 pro-

163 2011 308 2066 digiose
324 2014 522 2066 capiatur,
555 2013 607 2051 nil
633 2014 774 2051 mirum
806 2011 831 2051 fi
859 2012 1084 2052 Aristoteles
1116 2010 1320 2052 immensos
1355 2013 1504 2065 ceperit
1530 2014 1579 2052 δε

166 2067 244 2124 ipse
260 2095 270 2110 ‚
302 2079 344 2107 ut
372 2068 444 2109 fert
461 2070 643 2109 Italicum
672 2069 854 2122 adagium
872 2097 882 2112 ‚
913 2070 1051 2121 quibus
1070 2067 1284 2108 universam
1307 2070 1386 2119 ejus
1404 2066 1578 2107 Philoso-

165 2125 296 2179 phiam
313 2123 545 2179 consperfit.
577 2126 740 2178 Propter
769 2123 1022 2178 frequentiam
1051 2125 1127 2164 vile
1148 2121 1200 2164 est
1227 2122 1430 2178 opsonium
1449 2153 1458 2168 ‚
1484 2122 1576 2162 licet

166 2178 309 2233 saporis
333 2195 411 2221 non
436 2183 576 2234 ingrati
595 2212 602 2219 .
630 2181 779 2226 Tamen
797 2181 974 2222 detracto
988 2182 1107 2221 veteri
1124 2181 1273 2220 cortice
1302 2193 1422 2232 quum
1443 2178 1578 2218 molle-

168 2234 355 2277 scitnova
388 2241 465 2289 ejus
498 2239 596 2277 cutis
627 2237 791 2278 divitum
822 2236 963 2276 mensas
993 2249 1084 2277 tunc
1113 2251 1191 2276 non
1221 2235 1403 2290 ignobilis
1435 2246 1578 2275 ornat.

168 2291 361 2334 Mollescit
389 2293 544 2346 quidem
573 2294 637 2333 hic
654 2296 806 2332 Cancer
832 2292 891 2333 seu
921 2296 1112 2333 corticem
1138 2302 1289 2334 mutat,
1317 2291 1569 2344 quemadmo-

167 2347 257 2387 dum
277 2348 467 2389 mollescit
483 2348 652 2403 superior
672 2350 807 2402 latipes
824 2377 833 2392 ‚
853 2351 894 2388 ὃς
911 2350 973 2389 alii
990 2349 1234 2404 quamplures
1253 2376 1262 2390 ,
1289 2349 1329 2386 &
1350 2359 1442 2386 tunc
1460 2346 1572 2385 nostri

169 2404 338 2445 Cancros
368 2406 452 2446 illos
483 2406 633 2448 molleis
651 2406 838 2446 Molleccas
868 2418 1012 2447 vocant
1025 2436 1035 2452 ‚
1055 2416 1170 2460 atque
1199 2408 1238 2444 in
1255 2403 1401 2444 deliciis
1420 2402 1572 2440 habent.

857 2464 882 2501 E
913 2475 938 2503 2
1514 2466 1576 2496 An
