2125 2915
512 223 569 267 ⁷8·
966 215 1522 257 SPECIMEN

512 303 727 348 Refluxum
761 307 952 359 majorem
986 303 1059 346 effe
1087 304 1215 347 altero
1242 306 1363 348 Fluxu
1381 335 1391 352 ‚
1424 309 1468 348 &
1496 306 1694 353 Refluxu‚
1713 309 1852 352 Hieme
1881 314 1973 367 qui„

511 363 604 404 dem
619 361 786 416 Vespere
803 360 985 407 ;Aestate
1015 375 1110 403 vero
1126 361 1277 405 summo
1307 378 1421 405 mane
1451 363 1527 405 hoc
1551 364 1778 408 observavi.
1806 369 1871 408 Ad
1886 373 1965 411 Ae·-

509 418 610 460 stum
640 420 762 460 Maris
791 418 970 460 conferre
998 420 1120 460 etiam
1144 421 1297 465 Solem,
1326 423 1451 463 immo
1483 421 1606 478 ipsum
1635 424 1740 478 apud
1766 438 1834 465 nos
1862 426 1967 467 diur-

508 491 605 518 num
636 476 679 515 ὃ(
703 488 875 516 annuum
900 474 1046 517 aestum
1073 491 1206 532 regere
1235 507 1245 522 ‚
1284 481 1436 520 Lunam
1469 494 1562 521 vero
1593 480 1854 523 menstruum.
1887 483 1966 524 Ha.

509 534 722 573 driaticum
741 530 863 572 finum
892 532 1123 589 plerumque
1153 537 1240 590 plus
1258 537 1398 593 Aquae
1412 538 1629 578 'continere
1643 540 1784 579 Hieme
1802 566 1813 581 ‚
1845 553 1963 592 quam

504 587 693 631 Aestate;
721 601 842 641 quare
858 589 1159 633 Intumescentia
1183 595 1303 634 maris
1319 623 1330 638 ,
1347 595 1390 634 &
1407 593 1725 635 Detumescentia
1753 609 1835 635 non
1865 597 1964 638 mul-

503 656 589 685 tum
621 645 776 685 variant
786 645 925 687 Hieme
951 647 1161 691 &Aestate
1178 679 1188 693 ‚
1217 651 1261 690 &
1277 648 1302 691 fi
1320 654 1475 692 variant
1490 682 1499 697 ‚
1517 652 1557 692 id
1573 653 1723 693 accidit
1754 666 1961 708 compara-

500 711 542 741 te
559 732 567 740 .
598 701 712 742 Mare·
739 702 781 742 in
805 703 939 745 medio
953 703 1091 746 Fluxus
1111 737 1120 751 ‚
1152 706 1365 763 itidemque
1399 711 1438 749 in
1469 709 1602 749 medio
1631 707 1822 750 Refluxus
1855 709 1962 750 velo-

497 759 580 798 cius
608 770 793 800 movetur
810 786 823 802 ‚-
849 762 892 801 &
921 760 1164 804 ascendendo
1191 765 1254 805 vel
1281 764 1550 806 descendendo
1566 766 1863 819 quodammodo
1889 765 1962 806 sal-

496 825 583 856 tat·
616 816 726 855 Inter
756 815 925 857 Fluxum
953 819 996 857 <Sc
1026 818 1243 859 Refluxum
1259 821 1516 874 Aquistitium
1539 823 1688 861 accidit
1704 848 1718 866 ‚-
1750 821 1857 875 quod
1888 835 1961 876 per

495 871 653 926 aliquot
682 871 798 913 horas
829 873 1028 915 interdum
1056 875 1173 916 durat
1203 907 1210 914 .
1243 878 1366 929 thi
1395 877 1559 918 violenti
1590 875 1766 918 efficiunt
1795 879 1956 932 quidem

494 938 541 968 ut
566 930 686 982 magis
720 929 884 971 fluctuet
901 931 1012 983 Mare
1026 962 1037 977 ‚
1062 933 1105 972 &
1121 934 1245 987 magis
1261 934 1498 977 extendatur
1515 962 1525 977 ,
1565 949 1645 974 non
1669 933 1845 974 efficiunt
1861 948 1958 975 vero

494 996 541 1025 ut
566 987 736 1028 multum
765 997 915 1029 tumeat
947 1005 956 1034 ;
994 1000 1117 1029 tumet
1150 1001 1283 1031 tamen
1314 988 1420 1046 apud
1451 1005 1520 1030 nos
1551 990 1714 1031 instante
1744 990 1806 1031 vel
1836 989 1956 1031 flante

491 1042 708 1086 subsolano
724 1046 767 1085 &
785 1045 951 1088 Austro.
984 1048 1239 1102 Deprimitur
1268 1047 1499 1094 verofiante
1515 1048 1652 1087 Circio
1681 1048 1725 1087 &
1740 1047 1956 1101 Aquilone,

490 1097 518 1139 fi
544 1097 617 1140 fint
644 1102 848 1144 diuturni.
882 1103 1074 1158 Qalibet
1101 1104 1211 1145 Hora
1237 1107 1280 1146 ὃς
1306 1104 1489 1159 quolibet
1504 1105 1638 1144 Vento
1656 1134 1666 1149 ,
1698 1104 1820 1142 modo
1851 1105 1879 1142 is
1910 1101 1957 1143 fit

492 1154 688 1197 violentus
705 1186 716 1201 ‚
747 1157 915 1201 fluctuat·
931 1163 1043 1202 Mare
1061 1192 1070 1206 ,
1101 1172 1231 1201 tamen
1261 1161 1491 1201 naturaliter
1517 1161 1639 1213 magis
1667 1157 1858 1200 fluctuare
1887 1173 1959 1214 ap-

490 1221 606 1266 paret
627 1222 805 1268 tempore
820 1215 961 1256 Fluxus
979 1222 1122 1270 ,quam
1155 1230 1338 1272 tempore
1355 1213 1565 1258 Refluxus-
1610 1216 1804 1269 Qietum
1833 1217 1954 1268 igitur

490 1270 535 1309 ὃς
562 1270 818 1324 tranquillum
849 1274 970 1326 magis
1002 1273 1078 1317 est,
1110 1274 1269 1314 Aestate*
1283 1275 1441 1328 quidem
1473 1272 1628 1312 summo
1657 1285 1797 1314 mane,
1815 1271 1954 1313 Hieme

488 1338 585 1366 vero
601 1327 807 1369 occidente
821 1327 910 1368 Sole
929 1358 935 1365 .
970 1331 1079 1370 Mare
1095 1330 1260 1384 denique
1278 1329 1452 1371 nostrum
1487 1330 1677 1384 Superum
1707 1340 1841 1369 revera
1860 1344 1955 1384 pro-

485 1384 674 1436 prietates
712 1384 874 1438 alicujus
903 1388 1035 1441 magni
1067 1386 1221 1427 Fluenti
1258 1387 1378 1427 habet
1408 1416 1418 1431 ‚
1458 1397 1581 1440 quum
1611 1384 1776 1425 Cursum
1816 1398 1952 1439 quem·-

485 1438 577 1479 dam
601 1452 836 1496 perpetuum
865 1443 914 1483 ab
942 1442 1044 1483 aestu
1076 1442 1272 1484 diversum
1305 1441 1428 1483 servet
1452 1470 1463 1486 ‚
1510 1445 1549 1482 in
1580 1443 1707 1483 Alveo
1727 1441 1793 1483 suo
1829 1442 1953 1483 eleve-

485 1504 576 1539 tur,
607 1511 630 1537 a
654 1499 765 1539 terris
795 1499 1024 1552 quibusdam·
1048 1500 1245 1540 interdum
1261 1499 1422 1540 recedat
1441 1528 1452 1543 ‚
1483 1501 1526 1540 ὅς
1541 1499 1632 1539 alias
1652 1499 1865 1540 Alluvione
1880 1513 1953 1538 oc-

483 1562 604 1606 cupet
620 1583 629 1597 ‚
656 1552 720 1594 vel
745 1558 961 1595 corrodat.
989 1556 1061 1594 Sed
1091 1555 1250 1593 receffus
1277 1555 1334 1592 isti
1361 1554 1657 1605 alluvionesque
1686 1552 1951 1595 &Cori-osma

485 1621 550 1648 nes
576 1609 682 1664 apud
710 1623 782 1650 nos
807 1624 888 1650 non
912 1609 999 1649 sunt
1014 1623 1072 1649 res
1090 1609 1330 1649 immodicae
1349 1637 1357 1645 .

938 1723 1509 1772 APPENDIX,

481 1835 692 1921 HEIc:
721 1835 960 1879 Coronidis,
990 1846 1035 1874 ut
1067 1838 1178 1885 ajunt
1207 1863 1218 1878 ‚
1258 1834 1352 1873 loco
1382 1836 1645 1886 apponendae
1675 1834 1796 1877 effent
1833 1838 1946 1890 quina

615 1891 824 1945 quennales
854 1890 1004 1930 nostrae
1039 1888 1342 1931 Observationes
1372 1917 1383 1932 ‚
1414 1887 1476 1928 seu
1513 1889 1786 1942 Ephemerides
1826 1895 1945 1933 mari-

480 1964 580 1996 nae,
605 1961 704 2002 quae
733 1945 1010 1988 confirmarent
1039 1962 1084 1988 ea
1101 1973 1112 1992 ,
1141 1959 1241 2001 quae
1255 1959 1305 2001 ex
1321 1943 1407 2001 ipsis
1437 1943 1724 2001 excerpsimus,
1755 1957 1874 2001 atque
1904 1950 1947 1987 in

478 2007 583 2047 hunc
601 2006 762 2046 Librum
791 2004 1029 2046 contulimus
1044 2034 1056 2050 ,
1088 2015 1134 2044 ut
1150 2005 1193 2043 iis
1210 2004 1279 2057 qui
1294 2002 1392 2043 haec·
1413 2001 1582 2057 legerint
1612 1998 1729 2043 fidem
1750 2001 1916 2044 facerem
1931 2031 1941 2041 .

479 2065 630 2104 Verum
658 2060 879 2107 hi‚fihaec
909 2076 1008 2116 quae
1041 2058 1300 2117 excerpsimus
1332 2073 1415 2101 non
1445 2059 1606 2101 credant
1633 2086 1644 2102 ‚
1674 2056 1791 2101 fidem
1820 2062 1942 2102 etiam

480 2135 560 2161 non
590 2119 834 2162 adhibebunt
849 2118 1165 2175 Ephemeridibus
1190 2115 1498 2173 quibuscumque
1515 2146 1523 2153 .
1556 2117 1691 2170 Qare
1714 2132 1942 2174 provocan-

480 2177 522 2218 di
548 2177 692 2222 effent·‚
709 2186 752 2217 ut
782 2177 876 2217 haec
907 2178 1080 2233 propriis
1104 2174 1440 2217 observationibus
1471 2176 1617 2216 iterum
1644 2175 1938 2229 experirentur,

479 2233 817 2288 quemadmodum
847 2249 923 2290 ego
955 2245 999 2276 ut
1022 2234 1276 2289 experiantur
1305 2248 1355 2275 ex
1391 2233 1510 2273 animi
1538 2229 1727 2271 sententia
1754 2245 1936 2285 provoco

481 2293 535 2333 ὃς.
551 2293 695 2348 cupio.
733 2293 821 2333 Huc
851 2291 951 2332 adde
967 2320 977 2337 ‚
1003 2291 1086 2332 istas
1105 2289 1439 2345 Qinquennaleis
1455 2287 1728 2343 Ephemeridas
1757 2288 1852 2328 licet
1879 2290 1939 2328 in-

482 2359 677 2404 terruptas
701 2348 772 2389 effe
801 2347 1036 2403 longiffirnas
1052 2378 1064 2393 ,
1096 2364 1186 2389 nam
1202 2348 1381 2389 horariae
1412 2344 1499 2387 sunt
1523 2357 1568 2386 ut
1583 2345 1800 2400 plurimum
1819 2373 1829 2391 ,
1857 2359 1939 2386 non

482 2407 645 2447 diurnae
674 2416 830 2447 tanturn
847 2437 856 2450 ‚
885 2407 929 2446 &
957 2406 1156 2448 interdum
1188 2407 1237 2447 ad
1266 2417 1415 2447 xx1111.
1447 2403 1562 2444 horas
1596 2405 1801 2444 continuas
1824 2401 1939 2443 &ul-

482 2471 544 2505 tra
572 2461 660 2504 sunt
686 2463 905 2520 produecae
921 2493 931 2510 ‚
963 2467 1006 2505 δε
1022 2465 1252 2520 plerumque
1268 2465 1381 2506 horas
1398 2461 1584 2516 plurimas
1603 2460 1759 2502 illorum
1787 2458 1937 2501 dierum

1845 2528 1939 2557 con-
