2145 2910
509 199 560 234 52
959 160 1517 231 SPECIMeN

573 280 727 328 decem
754 277 888 328 Pedes
932 273 1106 340 singulis
1139 273 1253 323 horis
1294 307 1308 322 .
1350 273 1434 323 Sed
1485 274 1589 326 haec
1621 285 1689 326 res'
1715 276 1775 327 est
1806 277 1961 329 admo}

575 361 680 409 dum
715 361 907 415 incerta,
946 357 1066 424 quod
1098 359 1238 406 Littus
1266 356 1403 405 modo
1433 356 1676 413 elevatum,
1712 359 1851 408 modo
1882 359 1961 409 dc-

573 442 756 506 pressum
793 442 882 495 est,
930 440 1137 505 quoniam
1170 437 1345 504 singulis
1380 439 1583 491 Procellis
1599 443 1759 498 variat,
1794 458 1842 490 ut
1860 459 1958 489 mo-

578 522 640 569 do
670 523 805 568 altum
828 551 843 576 >
872 521 1009 569 modo
1044 522 1180 581 imum
1215 522 1413 572 videatur
1431 558 1444 570 .

935 647 1523 690 SCHOLIVM.

504 754 788 856 QVoniam
823 755 864 792 in
893 754 1142 795 Praefatione
1167 754 1336 795 diximus
1380 769 1450 795 nos
1487 753 1635 810 singula
1668 759 1785 796 maris
1816 766 1957 796 eventa

629 807 825 849 adnotaffe
851 838 861 851 ‚
892 808 1044 865 fingulis
1085 810 1191 849 horis
1222 812 1454 850 notabamus
1488 814 1610 850 etiam
1644 822 1840 864 quantum
1877 826 1958 852 ma-

501 882 542 907 re
576 866 779 907 accederet
816 866 864 905 ad
899 868 1056 911 Littus,
1091 865 1153 907 vel
1186 867 1235 907 ab
1265 864 1347 920 ipso
1381 866 1582 908 recederet
1608 897 1618 912 ‚
1661 879 1873 922 propterea
1914 869 1957 907 δε

501 923 602 963 hanc
624 920 934 977 propositionem
951 922 1038 964 heic
1065 923 1293 963 addidimus
1310 937 1318 963 :
1354 923 1465 962 Mare
1482 922 1629 963 scilicet
1644 922 1817 963 nostrum
1833 921 1958 978 fingu-

501 981 544 1019 lis
573 980 678 1019 horis
706 979 839 1020 decern
873 980 1036 1033 pedibus
1072 980 1121 1020 ad
1151 981 1277 1020 Littus
1308 980 1347 1018 in
1363 978 1485 1019 Fluxu
1516 979 1700 1019 accedere
1726 1007 1736 1022 ‚
1768 981 1862 1019 item
1893 980 1957 1019 de-

504 1050 588 1077 cem
622 1038 784 1090 pedibus
816 1038 853 1076 in
871 1035 1043 1077 Refluxu
1071 1036 1278 1078 recedere·
1311 1037 1356 1076 In
1388 1033 1486 1075 saltu
1519 1045 1650 1075 tamen
1680 1035 1750 1076 illo
1769 1063 1779 1078 ‚
1813 1038 1880 1089 qui
1914 1038 1954 1076 in

504 1094 636 1132 medio
667 1091 850 1146 cujusque
866 1093 1005 1134 fluxus
1024 1125 1034 1140 ,
1062 1093 1124 1135 vel
1153 1090 1341 1133 Refluxus
1374 1092 1601 1144 contingit,
1633 1101 1727 1131 tunc
1759 1091 1951 1137 acceffus‚

501 1150 562 1189 vel
583 1148 742 1187 reccffus
774 1151 937 1202 triginta
959 1152 1120 1205 pedibus
1149 1150 1403 1190 continetur·
1435 1149 1625 1188 Ceterum
1642 1147 1738 1187 haec
1755 1175 1766 1190 ‚
1785 1160 1885 1200 quae
1901 1147 1952 1187 ad

502 1202 691 1244 accessum
723 1204 955 1244 receffumve
987 1209 1187 1259 pertinent
1215 1207 1366 1245 incerta
1389 1203 1479 1244 sunt
1503 1204 1636 1243 omnia
1653 1234 1663 1247 ,
1696 1217 1817 1256 quum
1842 1204 1952 1243 littus

505 1261 705 1301 Marinum
722 1290 732 1305 ,
757 1259 864 1314 quod
893 1261 999 1313 apud
1026 1275 1096 1300 nos
1129 1260 1333 1300 arenosum
1367 1259 1421 1299 est
1439 1290 1450 1304 ‚
1480 1257 1634 1310 fingulis
1651 1258 1838 1298 Procellis
1871 1273 1952 1299 mu-

502 1328 609 1358 tetur
626 1347 635 1361 ‚
660 1326 705 1356 ut
722 1317 844 1356 modo
862 1315 1023 1357 sublime
1040 1346 1051 1362 ,
1082 1317 1203 1357 modo
1227 1316 1469 1371 profundum
1495 1314 1698 1354 videatur.
1727 1314 1875 1354 Addidi
1893 1327 1951 1355 ta.

505 1388 593 1414 men
620 1373 718 1413 hanc
734 1370 1076 1426 Propositionem,
1106 1374 1199 1427 quia
1233 1372 1354 1425 vulgo
1383 1369 1568 1410 nostrates
1598 1383 1646 1410 ex
1675 1369 1746 1410 isto
1779 1370 1950 1417 recessu,

500 1431 615 1469 maris
636 1427 778 1469 aestum
805 1430 1036 1483 plerumque
1056 1429 1298 1481 dijudicant.
1329 1428 1441 1468 Tunc
1459 1427 1563 1466 enim
1590 1441 1659 1466 ora
1684 1428 1883 1466 maritima
1899 1429 1949 1468 ad

500 1485 692 1526 ducentos
724 1486 881 1525 circiter
897 1485 1011 1540 pedes
1025 1487 1132 1539 aquis
1151 1485 1295 1524 nudata
1311 1511 1321 1527 ,
1354 1485 1397 1524 ὃς
1425 1493 1509 1522 tota
1525 1481 1632 1522 sulcis
1650 1481 1882 1536 quibusdam
1902 1485 1947 1522 iis

501 1542 541 1580 in
570 1541 667 1581 locis
686 1570 696 1584 ‚
722 1555 744 1580 a
769 1543 907 1593 quibus
932 1555 1038 1580 mare
1055 1539 1204 1580 recessit
1221 1569 1230 1583 ‚
1262 1549 1428 1580 ornata«,
1460 1537 1572 1578 suave
1597 1537 1649 1577 est
1662 1552 1748 1577 eam
1780 1538 1944 1592 pedibus

498 1611 706 1651 peragrare
723 1625 733 1639 ‚
762 1594 1005 1649 Tellinasque
1022 1597 1145 1635 varias
1169 1593 1381 1635 &Solenes
1406 1595 1461 1634 ibi
1491 1592 1660 1647 sepultos
1691 1593 1944 1647 Cancrosque

495 1652 646 1705 legere.
678 1654 880 1694 Praeterea
897 1648 1120 1705 Propofitio
1137 1650 1232 1691 haec
1262 1652 1370 1690 circa.
1401 1648 1586 1690 receffum
1616 1649 1853 1691 acceffumve
1882 1665 1945 1690 va-

495 1709 597 1748 rium
617 1708 765 1762 aliquid
795 1708 974 1750 conferet
991 1708 1039 1747 ad
1057 1708 1240 1748 notitiam
1260 1705 1367 1745 illam
1386 1707 1498 1746 maris
1511 1733 1521 1749 ‚
1539 1719 1617 1760 qua.
1643 1703 1767 1759 ipsum
1798 1707 1838 1745 in
1866 1703 1942 1746 fine

498 1777 700 1819 tamquam
717 1779 903 1820 magnum
919 1764 1125 1804 Fluentum
1142 1761 1469 1803 considerabimus
1489 1789 1496 1797 .

872 1874 1421 1921 PROPOSITIO
1487 1874 1573 1914 XI.

501 1992 627 2041 Venti
674 1990 853 2040 violenti
896 1990 1084 2039 efficiunt
1126 1988 1306 2054 quidem
1341 2018 1356 2043 ‚
1412 2002 1460 2035 ut
1494 2002 1608 2034 mare
1640 1985 1826 2034 multum
1856 1989 1938 2037 flu-

566 2078 681 2122 ·stuet
711 2104 726 2129 ‚
780 2075 824 2118 &
863 2072 917 2119 ad
951 2072 1089 2118 Littus
1111 2073 1259 2135 *magis
1290 2071 1540 2118 extendatur
1575 2098 1589 2123 ‚
1639 2086 1934 2119 verumtamen

569 2173 657 2204 non
689 2153 911 2209 efficiunt,
931 2170 979 2202 ut
999 2153 1183 2202 multum
1215 2155 1423 2202 rationem
1461 2153 1575 2198 suam
1613 2166 1748 2197 mutet
1786 2148 1932 2213 quoad

569 2236 849 2285 elevationem
868 2268 883 2293 ‚
920 2241 965 2282 &
995 2235 1304 2302 depreffionem
1337 2251 1467 2302 prout
1497 2233 1578 2280 fert
1598 2234 1723 2280 status
1754 2237 1894 2279 Lunae
1914 2262 1930 2286 ,

567 2318 636 2365 cui
670 2317 920 2382 obsequitur
941 2354 951 2365 .
988 2319 1139 2367 Auster
1162 2335 1335 2373 tamen,
1368 2318 1625 2370 Vulturnus,
1663 2318 1705 2360 δέ
1737 2312 1937 2361 §ubsola-

577 2417 656 2449 nus
689 2416 809 2449 mate
840 2400 1154 2464 aliquantulum
1183 2402 1277 2451 heic
1310 2400 1455 2451 inflant
1472 2428 1488 2456 ‚
1516 2415 1564 2449 ut
1583 2399 1719 2462 magis
1736 2410 1899 2444 tumeat
1916 2422 1931 2448 ²

1751 2475 1938 2518 &ascen-
