2145 2910
423 191 1266 238 AESTVSMARITIMI
1524 200 1573 240 67

133 302 232 343 quos
250 288 404 329 Graeco
436 287 594 327 nomine
628 285 769 327 Protos
794 282 998 340 appellant
1014 313 1024 329 ‚
1054 279 1311 325 observarunt
1337 278 1451 323 instar
1466 282 1593 325 alicua

128 348 187 399 jus
205 344 386 385 Fluminis
417 356 553 385 revera
584 340 702 384 fluere
732 371 743 388 ,
773 342 817 381 &
848 337 1105 381 indefinenter
1140 336 1293 379 cursum
1323 336 1429 379 suurn
1461 336 1583 380 serva.

130 415 170 442 re
199 416 208 446 ;
239 412 356 454 atque
387 399 465 440 hoc
498 401 618 454 pacsto
650 426 661 442 ‚
691 408 736 439 ut
749 399 887 452 Aquae
911 397 1030 437 Maris
1061 392 1170 436 cursu
1200 392 1267 436 suo
1297 395 1407 435 recsto
1423 395 1582 438 Littora

132 457 382 499 Dalmatiae,
417 456 459 496 ὃ(
488 454 651 497 Histriae
682 456 788 510 prius
815 453 1022 498 raderent,
1053 450 1194 494 deinde
1223 461 1268 492 ut
1298 449 1372 492 fert
1401 451 1581 494 locorum

128 522 267 554 natura
296 510 402 554 flexo
426 510 538 553 cursu
556 512 715 553 Littora
732 511 882 551 Veneta
912 509 1103 550 alluerent
1120 535 1130 553 ‚
1156 517 1201 549 ut
1232 506 1402 548 tamdem
1433 507 1482 549 ad
1498 509 1582 550 Lit»

129 579 217 610 tora
251 566 435 610 nostra&
454 567 622 625 Apuliae
655 569 929 621 pervenirent·
958 561 1243 617 Qodfirecste
1274 561 1582 613 confideremus,

129 635 297 680 apparet
313 624 479 666 Cursum
511 623 612 665 istius
637 623 789 665 Fluenti
820 620 890 664 effe
919 634 1017 679 pene
1034 620 1277 662 circularem
1308 650 1318 666 ,
1361 634 1502 677 nempe
1533 624 1582 665 ab

125 680 239 722 Ostiis
273 682 388 723 maris
421 681 529 736 Jonii
551 680 600 721 ad
636 680 774 721 littora
790 679 895 735 Epiri
920 708 931 726 ,
961 676 1185 719 Dalmatiae
1214 706 1225 723 ‚
1269 675 1433 718 Histriae
1463 709 1476 725 ‚
1508 679 1586 721 Ve-

128 740 321 779 netiarum
340 765 348 779 .
368 737 538 781 Nostra,
571 735 764 792 Apuliae,
795 736 836 776 &z
863 734 912 776 ad
943 735 1109 789 reliquos
1141 733 1275 774 Italiae
1306 730 1398 775 fines
1429 760 1436 770 ·
1469 734 1584 777 Hunc

129 804 284 834 motum
311 794 542 835 circularem
574 794 687 834 maris
719 790 836 832 nostri
854 789 919 832 usu
936 793 979 833 ὃς
1001 788 1241 844 experientia
1271 790 1585 844 comprobarunt,-

128 850 322 890 Audtores
341 848 428 895 illi,
455 849 561 903 quod
591 846 737 889 scilicet
753 848 882 890 Naves
900 876 911 893 ,
944 859 1043 899 quae
1066 858 1114 887 ex
1142 845 1322 901 Corcyra
1346 845 1472 888 Insula
1502 848 1578 889 Ve-

128 906 250 945 netias
285 915 425 958 petunt
441 934 451 950 ‚
470 905 618 960 {emper
635 916 760 961 prope
778 904 936 944 Littora
952 902 1116 957 Epiri&
1131 901 1353 944 Dalmatiae
1382 904 1582 958 navigent,

128 969 172 1001 ut
205 959 322 1000 citius
355 962 430 1001 iter
463 958 569 1000 suum.
599 956 838 1000 conficiant·
870 960 1022 1000 Contra
1046 972 1139 999 vero
1157 958 1286 999 Naves
1305 984 1315 1002 ‚
1347 971 1444 1014 quae
1460 960 1584 1001 Vene=

126 1016 189 1057 tiis
207 1016 424 1072 Corcyram
452 1026 592 1072 petunt
608 1042 619 1060 ‚
653 1015 701 1057 ad
718 1016 873 1056 Littera
890 1013 1034 1057 Nostra
1062 1012 1209 1069 semper
1238 1015 1281 1055 &
1308 1015 1478 1071 Apuliae
1503 1016 1584 1058 irae

126 1071 277 1126 liaeque
309 1072 480 1126 reliquae
513 1072 731 1114 accedant·
763 1071 885 1124 Qod
902 1069 1236 1113 observationibus
1254 1098 1265 1114 ‚
1297 1068 1361 1113 usu
1377 1098 1387 1114 ‚
1405 1073 1453 1113 ’ὃς
1470 1086 1586 1128 expe·

127 1128 266 1168 rientia
295 1126 532 1169 asseruerunt
565 1128 801 1182 jampridem
820 1129 928 1170 Proti
960 1128 1014 1169 illi
1041 1155 1052 1171 ,
1093 1128 1132 1168 id
1162 1128 1304 1167 iterum
1332 1125 1583 1169 confirmavit

128 1185 272 1227 exae‘to
305 1182 455 1225 saeculo
484 1185 592 1225 circa
630 1182 748 1226 finem
789 1185 1058 1225 Hieminianus
1098 1183 1366 1223 Montanarius
1404 1184 1582 1238 egregius

127 1238 429 1280 Mathematicus
446 1241 556 1280 novis
584 1240 743 1292 adjedtis
768 1238 1118 1281 Observationibus
1134 1268 1144 1283 ,
1182 1237 1226 1277 ὅ(
1255 1236 1583 1281 ΟαΙοιιῙσωοωε

128 1293 230 1336 istius
264 1293 404 1336 Cursus
436 1299 508 1345 (a)
541 1322 548 1330 .
584 1294 817 1337 Observavit
855 1297 956 1337 enim
973 1293 1116 1336 insulas
1142 1291 1326 1349 quasdam
1354 1298 1574 1341 natanteis,

122 1364 175 1395 ex
192 1351 381 1392 radicibus
409 1365 549 1408 nempe
565 1352 779 1393 Arundinis
803 1350 981 1393 Palustris
999 1349 1187 1394 conflatas
1205 1378 1216 1396 ,
1247 1364 1341 1406 quas
1368 1354 1501 1405 patrio
1518 1367 1584 1396 no·

127 1408 231 1448 mine
248 1408 369 1449 Coria
398 1407 500 1449 illeic
531 1407 763 1463 appellant,
795 1422 843 1450 ex
874 1408 1028 1449 Littore
1046 1406 1299 1462 Forojuliano
1323 1406 1582 1452 &Tarvifino

126 1462 271 1505 avulsas
304 1466 411 1506 reeca
440 1465 621 1507 venetias
655 1462 782 1507 versus
815 1466 1020 1512 incedere,
1046 1465 1088 1506 &
1119 1462 1144 1506 fi
1176 1465 1354 1506 Venetias
1371 1467 1583 1520 praeterie-

125 1520 204 1561 rint
223 1547 232 1564 ‚
276 1520 339 1562 vel
366 1534 415 1562 ex
445 1522 597 1562 Littore
627 1523 727 1561 citra
756 1523 939 1562 Venetias
972 1521 1188 1562 avellantur
1213 1549 1224 1565 ‚
1269 1522 1319 1562 ad
1358 1520 1453 1562 ostia
1484 1522 1581 1563 Padi

127 1575 392 1618 contendere,
423 1585 537 1629 atque
569 1588 618 1616 ex
647 1584 756 1616 motu
787 1575 925 1616 harum
956 1574 1161 1616 insularum
1180 1606 1189 1620 ‚
1218 1577 1285 1630 qui
1316 1590 1339 1616 a
1369 1575 1475 1618 fluxu
1502 1593 1580 1620 ma-

130 1630 218 1672 rino
249 1644 327 1670 non
362 1631 646 1672 interturbatur
676 1660 686 1675 ,
727 1641 1017 1685 argumentatus
1052 1630 1104 1672 est
1144 1630 1417 1673 Hadriaticum
1457 1631 1579 1675 finum

127 1683 238 1726 cursu
274 1685 340 1727 suo
376 1685 500 1739 spatio
532 1698 680 1726 xx1111.
711 1686 895 1726 horarum
927 1687 1004 1727 tria
1034 1686 1095 1728 vel
1136 1696 1308 1740 quatuor
1336 1686 1459 1729 millia
1495 1688 1581 1743 pas-

127 1738 236 1781 suum
265 1737 483 1782 conficere.
515 1740 629 1798 Apud
662 1754 731 1781 nos
763 1755 918 1795 quoque
933 1740 1072 1783 Cursus
1104 1740 1169 1783 iste
1200 1738 1455 1787 observatur,
1487 1754 1581 1787 nam'

130 1797 311 1852 Corpora
340 1811 477 1836 eorum
495 1822 504 1835 ‚
529 1798 598 1848 qui
628 1796 675 1835 ad
706 1795 803 1835 ostia
827 1798 921 1837 Padi
953 1795 1133 1838 submersi
1163 1795 1227 1838 vel
1256 1796 1373 1839 occisi
1401 1801 1577 1853 periere,

125 1852 353 1907 plerumque
380 1852 418 1890 in
446 1850 598 1890 Littore
615 1851 827 1891 Ravennae
843 1852 1090 1907 reperiuntur
1106 1879 1115 1894 ‚
1144 1853 1241 1892 item
1264 1865 1436 1909 corpora
1450 1884 1460 1900 ,
1477 1869 1577 1911 quae

125 1907 226 1948 ultra
244 1907 469 1948 Ariminum
502 1907 541 1947 in
573 1905 683 1947 Mare
709 1907 911 1961 perierunt
928 1934 937 1950 ‚
966 1907 1196 1964 plerumque
1226 1908 1326 1950 citra
1352 1911 1577 1955 Ariminum

127 1964 402 2005 inveniuntur,
434 1961 541 2005 fluxu
572 1976 714 2018 nempe
745 1961 813 2003 isto
836 1962 1084 2005 dextrorsum
1100 1962 1247 2022 semper
1277 1965 1464 2009 advecta.
1493 1969 1576 2011 Ela-

130 2017 200 2073 pso
231 2033 333 2061 anno
364 2033 438 2074 ego
469 2032 625 2073 quoque
655 2033 777 2074 quum
803 2021 985 2060 venetias
1016 2022 1173 2075 navigio
1230 2031 1373 2063 eterem
1404 2025 1452 2065 ad
1471 2024 1578 2068 Ostia

129 2075 223 2116 Padi
255 2075 333 2117 vidi
365 2075 543 2119 inflatum
560 2075 737 2117 Cadaver
771 2073 946 2118 submersi
977 2078 1153 2119 Hominis
1207 2078 1364 2119 ecundis
1393 2077 1574 2124 fla-&cibus

131 2132 360 2173 Ravennam
392 2132 630 2175 contendere
649 2163 658 2177 ,
691 2146 811 2188 quum
838 2145 906 2175 nos
936 2135 1095 2176 interim
1127 2133 1292 2177 obverso
1307 2136 1435 2177 Vento
1464 2138 1575 2181 nobis

131 2198 259 2230 tamen
289 2191 466 2244 propitio
503 2191 570 2230 iter
605 2187 773 2229 nostrum
806 2187 1115 2235 conficeremus,
1146 2202 1263 2246 atque
1280 2205 1327 2232 ex
1343 2203 1454 2234 motu
1473 2192 1576 2236 illius

132 2244 337 2287 Cadaver-is
356 2276 364 2291 ,
397 2257 585 2302 quantum
606 2246 699 2287 mihi
733 2247 955 2300 conjectare
971 2248 1082 2288 licuit
1098 2277 1108 2292 ‚
1141 2246 1261 2289 visum
1285 2246 1338 2289 est
1354 2263 1457 2291 mare
1474 2249 1580 2292 velo-

131 2302 209 2343 cius
244 2303 298 2343 ire
314 2332 324 2348 ,
349 2307 468 2358 quam
484 2316 527 2346 ut
542 2302 647 2346 sexta
677 2316 829 2360 quaque
861 2301 956 2400 Ῑιείτα
974 2306 1132 2348 unicum
1147 2314 1299 2346 tantum
1326 2304 1490 2348 milliare
1505 2320 1572 2362 pe-

946 2375 972 2404 2
1369 2374 1543 2416 sagfstfet
1560 2388 1570 2402 ο

164 2459 203 2490 (a)
223 2456 300 2486 Libro
319 2457 451 2493 posthumo
469 2482 476 2493 ‚
515 2460 542 2486 ui
569 2459 716 2495 infiribitw·
743 2460 760 2487 il
786 2461 864 2488 Man:
887 2460 1023 2490 Adriatico
1048 2484 1057 2496 ,
1084 2472 1099 2491 e
1123 2461 1169 2491 sua
1190 2468 1310 2489 concute
1328 2457 1496 2490 esaminata.

295 2502 357 2529 pag.
372 2503 428 2526 μς.
451 2491 476 2522 δ’
508 2494 758 2526 eq.Eatt.Fl01em.
774 2503 849 2528 1733.
