2145 2910
547 224 601 270 64
992 217 1549 261 SPECIMEN

545 308 658 350 Mare
690 304 863 347 nostrum
892 303 1078 347 flantibus
1106 305 1241 346 Ventis
1269 303 1566 352 Orientalibus,
1591 307 1637 348 &
1667 306 1987 350 meridionalibus

544 366 665 418 magis
696 374 822 404 tumet
839 391 849 407 ‚
875 377 994 418 quam
1024 359 1206 403 flantibus
1222 362 1559 410 occidentalibus,
1590 365 1634 405 ὅτ.
1662 364 1986 419 aquilonaribus;

543 422 586 462 ὃς
610 421 722 473 hujus
754 423 808 460 rei
839 422 942 460 ratio
969 418 1022 459 est
1038 447 1047 462 ‚
1081 421 1173 473 quia
1189 421 1300 461 Mare
1317 421 1506 475 Superum
1523 419 1674 462 Ostium
1702 421 1820 464 habet
1845 422 1986 463 Orien-

544 479 601 521 ti,
631 478 674 516 &
691 476 1011 517 Meridionalibus
1037 477 1283 532 Regionibus
1313 476 1539 533 oppofitum
1556 505 1567 522 ‚
1599 492 1717 533 quare
1748 476 1773 518 fi
1791 478 1901 518 Mare
1920 492 1989 518 no-

541 532 659 573 strum
688 544 848 584 repente
865 531 1121 576 intumescat,
1151 533 1211 575 vel
1243 532 1314 575 flat
1344 534 1404 576 vel
1435 533 1550 575 instat
1571 533 1735 581 Auster,
1765 545 1834 587 aut
1851 533 1990 574 Subso·

540 590 673 630 lanus,
707 588 844 639 quibus
862 588 997 629 Ventis
1027 588 1160 644 postea
1188 589 1325 631 Pluvia
1354 591 1587 646 plerumque
1615 589 1809 632 succedit.
1838 592 1885 629 In
1915 604 1988 630 no-

537 643 618 684 stris
658 644 762 683 enim
800 645 1025 698 regionibus
1043 645 1216 687 Austrini
1231 649 1350 688 Venti
1379 649 1421 688 &
1439 647 1659 689 Orientales
1690 645 1860 688 nebulosi
1900 646 1989 701 plu-

536 701 591 741 vii
621 701 664 739 &
694 698 905 754 procellofi
919 700 1006 742 sunt
1022 717 1157 743 omnes
1175 718 1185 748 3
1204 704 1461 758 Aquilonares
1478 717 1620 745 contra
1648 705 1691 744 &
1706 702 1984 744 occidentales

536 754 683 801 sereni,
714 755 809 797 licet
836 757 1045 810 procellosl
1076 760 1275 800 interdum
1305 761 1348 800 ὃς
1377 761 1446 813 ipsi
1472 789 1480 797 .
1511 763 1654 802 Aratus
1685 775 1843 815 quoque
1867 762 1990 799 Poeta

537 815 709 853 Graecus
727 840 736 854 ‚
771 814 837 865 qui
854 815 1086 854 aCicerone
1101 817 1140 854 in
1155 816 1321 854 latinum
1353 817 1429 856 fuit
1457 816 1661 857 conversus
1690 821 1787 863 (a),
1819 816 1922 855 inter
1949 811 1992 854 fi-

536 882 613 922 gna
643 867 763 909 futuri
791 871 899 910 venti
931 871 1048 924 ponit
1076 868 1102 910 fi
1135 885 1241 911 mare
1271 870 1401 912 subito
1433 870 1665 926 penitusque
1695 869 1875 911 tumescit
1902 900 1913 915 ,
1945 880 1990 910 ut

537 924 664 978 reipsa
703 936 855 967 tumere
891 926 1010 967 debet
1039 928 1079 967 in
1109 927 1277 967 Graecia
1315 927 1476 967 instante
1502 926 1713 968 Subsolano
1739 926 1989 980 Austroque,

536 983 725 1035 quoniam
756 984 945 1023 Graeciae
962 985 1091 1024 Maria
1119 982 1261 1024 ostium
1288 985 1331 1024 ὃς
1348 983 1427 1038 ipsa
1443 983 1499 1023 his
1517 985 1642 1024 ventis
1673 983 1820 1023 habent
1851 983 1992 1022 obver-

533 1037 572 1077 sa
604 1066 612 1073 .
644 1038 777 1078 Flante
808 1040 991 1094 aquilone
1018 1042 1062 1080 &
1089 1040 1399 1081 occidentalibus
1418 1041 1555 1081 Ventis
1584 1069 1595 1083 ,
1625 1038 1650 1080 si
1682 1040 1721 1079 hi
1752 1037 1824 1079 fint
1857 1039 1990 1091 magni

536 1096 580 1133 &
610 1095 803 1141 violenti,
833 1107 962 1137 tumet
990 1097 1150 1150 quidem
1180 1098 1287 1151 apud
1318 1111 1387 1137 nos
1420 1098 1470 1136 ab
1498 1098 1616 1137 initio
1645 1110 1752 1135 mare
1770 1123 1780 1137 ,
1811 1103 1987 1134 attamen

539 1148 675 1202 postea
704 1152 940 1203 deprimitur
956 1180 966 1195 ,
998 1164 1043 1192 ut
1061 1154 1196 1193 Brevia
1227 1154 1353 1193 multa
1382 1155 1423 1192 in
1438 1153 1592 1192 Littore
1617 1162 1712 1192 tunc
1738 1160 1957 1206 appareant
1979 1176 1990 1193 ⁹

540 1203 654 1258 pulsis
673 1204 821 1245 scilicet
835 1208 874 1245 vi
889 1208 1032 1246 horum
1047 1211 1262 1248 Ventorum
1281 1210 1328 1250 ad
1347 1208 1456 1249 Ostia
1479 1210 1603 1261 Aquis
1620 1238 1628 1245 .

789 1322 1549 1368 PROPOSITIO
1617 1325 1735 1366 XII.

541 1440 763 1501 Qolibet
782 1442 958 1497 Vento,
1001 1441 1140 1490 modo
1156 1441 1190 1491 is
1219 1442 1270 1490 fit
1306 1442 1520 1491 violentus
1544 1471 1559 1497 ,
1594 1446 1638 1488 &
1666 1441 1857 1507 qualibet
1893 1445 1985 1488 Ho-

607 1540 654 1570 ra
675 1522 884 1570 flu<stuans
911 1523 1001 1570 fieri
1035 1523 1173 1585 potest
1203 1527 1352 1577 Mare,
1390 1540 1535 1570 tamen
1561 1523 1697 1585 ipsum
1728 1522 1986 1569 Fluctuatio-

605 1603 730 1651 nibus
765 1602 906 1666 magis
940 1601 1178 1648 obnoxium
1215 1615 1413 1664 tempore
1433 1601 1587 1650 Fluxus
1619 1599 1792 1648 videtur
1811 1632 1826 1655 ,
1855 1617 1986 1665 quam

603 1698 798 1747 tempore
827 1680 1030 1730 Refluxus
1047 1715 1059 1727 .
1079 1684 1226 1743 Qare
1249 1684 1386 1742 major
1405 1681 1587 1730 Malacia
1608 1713 1624 1736 ,
1660 1683 1732 1730 seu
1749 1681 1983 1744 Tranquil-

603 1761 705 1810 litas
738 1764 868 1810 Maris
904 1762 1069 1825 semper
1104 1761 1295 1808 succedit
1339 1762 1452 1823 apud
1482 1779 1560 1810 nos
1609 1778 1803 1826 tempore
1840 1760 1984 1809 Reflu-

604 1860 681 1889 xus
701 1873 715 1896 ,
734 1845 905 1890 Aestate
935 1840 1110 1906 quidem
1148 1839 1318 1887 summo
1346 1855 1469 1885 mane
1493 1868 1507 1892 2
1547 1842 1703 1887 Hieme
1721 1857 1822 1886 vero
1850 1842 1981 1887 Occi-

607 1921 736 1972 dente
773 1921 902 1969 Sole.

967 2050 993 2088 S
1037 2049 1070 2088 C
1110 2047 1158 2087 H
1194 2047 1229 2087 O
1272 2045 1446 2086 LIV
1481 2047 1553 2087 M.

648 2165 866 2216 Varnquam
887 2193 896 2206 ,
927 2172 970 2202 ut
999 2162 1151 2202 dictum
1181 2159 1232 2200 est
1262 2161 1299 2199 in
1330 2157 1625 2215 propositione,
1653 2158 1803 2199 nullum
1818 2157 1863 2198 fit
1878 2169 1974 2200 tem-

539 2169 640 2274 Q
663 2235 734 2276 pus
765 2217 966 2260 definitum
991 2217 1355 2258 Fluctuationibus,
1386 2218 1429 2255 ὃ(
1458 2214 1642 2255 Procellis
1673 2216 1786 2255 maris
1812 2242 1822 2257 ‚
1853 2228 1973 2268 quum

540 2281 612 2322 hae
641 2293 663 2318 a
692 2276 879 2318 violentia
894 2278 1114 2316 Ventorum
1145 2271 1387 2328 potiffimum
1419 2273 1613 2326 pendeant
1635 2299 1645 2315 ‚
1677 2273 1720 2312 ὃς
1753 2273 1858 2311 venti
1891 2271 1974 2366 Tul-

1910 2341 1976 2366 um

577 2423 618 2454 (a)
639 2420 720 2449 Arat-
742 2421 771 2448 in
792 2418 925 2456 Prognost.
945 2416 1029 2451 Σῖμα.
1049 2417 1125 2447 θές-υ
1147 2413 1249 2450 ἐνίμοιο
1273 2413 1293 2448 ¹¹3
1315 2410 1453 2441 timasium
1472 2412 1588 2441 unaco.

934 2455 1059 2484 1’1'3'00·
1104 2461 1189 2500 Quod
1211 2462 1308 2488 Cicero
1326 2457 1358 2486 fic
1379 2459 1460 2486 vertit
1479 2458 1508 2486 in
1522 2456 1582 2484 Lib.
1593 2457 1615 2484 1.
1637 2454 1671 2486 de
1692 2454 1805 2484 divinat.

713 2497 801 2533 Atque
819 2498 897 2526 etiam
916 2504 1009 2526 ventos
1029 2495 1214 2530 praemonstrat
1229 2493 1309 2530 fiupe
1322 2493 1431 2531 futuam⁴

730 2533 856 2572 Inflatum
873 2543 944 2562 marc
954 2552 964 2564 ,
986 2539 1042 2558 cum
1054 2528 1143 2565 subito
1157 2529 1308 2566 penitusque
1327 2525 1459 2562 tumescn.
