2125 2915
1479 203 1547 242 ης

576 335 926 381 TABVLA
982 335 1102 377 VII.

125 452 212 505 Fig.
230 452 280 493 A.
299 449 351 492 est
365 450 541 492 Mentula
573 453 722 491 marina
751 448 926 489 informis
952 448 1125 487 Carnumi
1145 461 1166 486 a
1182 446 1312 486 Redio
1335 448 1510 488 vocitata
1526 475 1536 491 ,

236 509 280 547 ὅ(
296 507 430 548 nostris
446 510 592 563 Spongia
609 535 619 550 ‚
649 521 746 560 quae
763 503 916 544 diffecsta
932 502 1004 542 suit
1021 531 1028 537 -
1047 503 1069 542 h
1085 529 1094 537 ·
1112 502 1164 542 est
1192 506 1269 555 ejus
1294 514 1431 543 cortex
1456 518 1539 543 car-

239 564 446 617 tilagineus
463 591 473 607 ‚
508 564 576 617 qui
599 564 700 602 intus
716 559 769 601 est
783 557 987 600 albiffimus
1005 586 1014 601 ,
1042 561 1084 598 &
1098 556 1199 612 quali
1217 557 1412 612 perlaceus
1429 587 1435 594 .
1471 559 1537 599 Ad

236 621 279 658 G.
299 623 345 660 C.
382 618 468 660 sunt
491 620 571 659 duo
599 618 715 658 Colla
743 617 853 669 hujus
879 614 1080 668 Zoophyti
1103 646 1110 653 .
1142 614 1206 653 Ad
1235 617 1267 655 d.
1287 616 1320 654 d.
1348 613 1433 655 sunt
1459 614 1538 655 Tu-

233 675 392 716 bercula
424 676 534 716 varia
562 673 797 714 extrinsecus
829 673 965 726 nigra,
992 668 1053 709 sed
1082 669 1182 710 seeca
1210 669 1397 710 albiffima
1422 684 1540 726 appa-

237 742 325 771 rent
342 760 350 768 .
369 734 409 772 Β.
433 730 493 770 Est
506 731 659 784 Corpus
676 727 877 784 Zoophyti
900 725 1137 767 esculentum
1167 726 1388 768 ventriculo
1404 727 1540 769 huma·

238 799 290 826 no
313 786 433 826 fimile
451 814 458 822 .

123 837 270 895 FigD.
301 841 361 881 Est
376 844 531 895 Corpus
548 839 751 896 Zoophyti
774 840 974 881 disseewm
996 840 1109 881 variis
1138 840 1260 880 veluti
1283 839 1469 880 intestinis
1486 840 1538 879 in-

239 896 427 937 structum
446 926 454 934 .
487 899 551 937 Ad
569 916 596 937 e·
616 912 643 936 e.
668 896 753 936 sunt
783 901 862 950 ejus
879 896 995 937 Colla
1014 929 1020 936 .
1095 941 1101 953 ι

117 953 197 1008 Fig.
224 955 262 993 E·
288 951 347 991 Est
364 953 541 993 Mentula
558 952 625 992 ista
653 953 828 992 informis
847 967 924 992 non
940 951 1096 993 diffec‘ta
1123 954 1170 993 ad
1187 969 1213 992 e.
1233 968 1260 992 e·
1287 952 1429 992 habens
1460 952 1540 992 duo

234 1008 351 1049 Colla
380 1007 565 1048 exstantia
581 1039 590 1053 ,
615 1009 656 1047 ὃ(
675 1010 712 1048 in
732 1006 927 1064 superficie
947 1008 1056 1049 fucos
1086 1012 1256 1050 marinos
1281 1010 1484 1062 parvulos.

118 1065 196 1119 Fig.
214 1066 251 1104 F.
284 1065 428 1104 Eadem
445 1066 618 1105 Mentula
635 1064 808 1104 informis
837 1065 959 1106 veluti
986 1066 1180 1107 radicibus
1212 1064 1395 1105 instructa
1423 1065 1471 1106 ad
1490 1065 1539 1109 F„

227 1123 270 1161 ὅτ
289 1119 385 1159 fucis
403 1120 572 1174 parvulis
601 1123 640 1161 in
657 1123 807 1160 cortice
826 1120 1025 1176 conspersa
1043 1150 1050 1157 .
1085 1123 1245 1177 Figurae
1276 1135 1410 1161 omnes
1426 1121 1537 1172 hujus

224 1176 400 1217 Tabulae
429 1175 624 1232 expofitae
654 1175 808 1217 fuerunt
836 1191 922 1233 cap.
945 1190 1092 1218 xvun.
1112 1180 1151 1217 in
1166 1177 1398 1230 Appendice'
1415 1203 1424 1211 ·

552 1289 911 1330 TABVLA
969 1287 1117 1328 VIII.

113 1402 194 1456 Fig.
216 1401 264 1441 Α.
285 1398 345 1440 Est
374 1399 551 1441 Mentula
580 1400 730 1440 marina
760 1401 929 1455 vulgaris
959 1402 1167 1440 innumeris
1192 1400 1420 1441 Tuberculis
1438 1431 1446 1445 ‚
1477 1400 1539 1441 seu

234 1456 435 1498 Glandulis
452 1455 657 1511 perforatis
688 1468 757 1506 per
773 1467 901 1493 totam
917 1453 1155 1507 superficiem
1178 1456 1361 1497 instrursta
1378 1487 1386 1495 .
1417 1458 1481 1498 Ad
1503 1474 1536 1497 a·

226 1513 310 1551 sunt
331 1512 505 1548 intestina
530 1522 626 1559 quae
644 1508 779 1559 sponte
796 1522 818 1546 a
835 1507 1047 1561 Zoophyto
1065 1513 1186 1547 etiam
1203 1515 1295 1549 vivo
1313 1514 1538 1564 procidunt.

118 1568 198 1620 Fig.
224 1567 262 1604 Β.
290 1563 350 1602 Est
363 1564 496 1602 eadem
514 1562 692 1602 Mentula
707 1562 862 1601 differsta
879 1591 886 1598 .
905 1562 950 1600 In
967 1564 1000 1601 d·
1017 1562 1069 1602 est
1086 1567 1163 1616 ejus
1179 1579 1240 1603 os.
1260 1566 1303 1602 C.
1319 1565 1365 1602 C.
1377 1568 1422 1602 C.
1434 1570 1479 1606 C.
1491 1571 1536 1608 G.

230 1619 314 1660 sunt
335 1619 471 1659 lacerti
489 1649 499 1664 ,
530 1619 689 1672 quidam
707 1618 1010 1672 longitudinales
1028 1646 1037 1661 ‚
1063 1619 1198 1672 quibus
1216 1621 1315 1672 riget
1332 1624 1537 1664 mentula„

232 1679 322 1717 viva
340 1704 349 1715 .
376 1675 401 1715 fi
418 1677 650 1715 attrectetur
668 1701 676 1710 .
708 1673 815 1715 Haec
829 1675 872 1713 &
887 1673 1057 1728 superior
1086 1674 1317 1717 describitur
1334 1690 1419 1730 cap.
1437 1692 1537 1719 xvn.

233 1735 272 1773 in
289 1731 520 1786 Appendice
538 1758 546 1766 ·

120 1791 198 1843 Fig.
217 1792 267 1830 D.
302 1788 360 1828 Est
378 1789 507 1827 Penna
540 1787 716 1828 marina,
740 1784 802 1824 seu
819 1786 996 1825 Mentula
1027 1786 1130 1826 alata
1157 1791 1286 1829 minor
1314 1820 1322 1827 .
1353 1788 1417 1828 Ad
1444 1805 1460 1828 e
1487 1789 1539 1830 est

234 1859 254 1882 e
272 1859 312 1881 US
338 1858 380 1881 OS
398 1870 405 1877 .

120 1903 195 1953 Fig.
212 1860 268 1938 E.J
278 1896 335 1935 Est
351 1897 491 1936 eadem?
511 1894 665 1935 diffed'ca
691 1896 756 1935 ubi
780 1896 828 1934 ad
844 1896 881 1932 F·
899 1906 1063 1949 apparet
1077 1896 1278 1937 ossiculum
1297 1901 1534 1940 uncinatum.

232 1954 368 2006 Figura
391 1951 486 1994 haec
503 1983 513 1997 ‚
542 1953 601 1991 uti
617 1953 659 1990 &
674 1949 843 2003 superior
861 1978 871 1992 ‚
888 1949 1116 1992 describitur
1144 1967 1232 2008 cap.
1251 1968 1377 1994 xvm·
1400 1957 1439 1995 in
1454 1958 1536 2011 Ap-

264 2009 399 2048 endice
415 2036 423 2046 .

234 2022 261 2062 P
574 2062 607 2102 T
639 2064 676 2101 A
708 2064 735 2102 B
766 2065 803 2102 V
833 2064 864 2102 L
894 2064 930 2103 A
988 2065 1007 2102 Ι
1031 2064 1076 2101 X.

119 2178 195 2230 Fig.
209 2178 256 2216 A.
275 2177 332 2217 Est
348 2179 486 2218 Vrtica
502 2177 548 2217 de
565 2189 704 2230 genere
720 2175 1083 2230 Caryophyllorum
1100 2204 1109 2219 ‚
1126 2175 1188 2217 seu
1205 2179 1393 2219 Podicum
1406 2210 1414 2223 ‚
1429 2178 1531 2220 stria-

231 2234 326 2276 ta‚&
340 2234 388 2273 ad
407 2235 620 2288 marginem
638 2234 818 2271 uncinata
834 2245 909 2284 cap
929 2245 1012 2272 xxr.
1032 2234 1067 2271 in
1082 2236 1312 2287 Appendice
1328 2234 1532 2288 descripta.

119 2289 188 2340 fig
216 2289 263 2327 G.
298 2288 356 2327 Est
371 2290 504 2329 Vrtica
537 2289 683 2328 ramosa
700 2316 709 2330 ,
740 2287 797 2326 seu
822 2289 1027 2328 articulata
1045 2321 1055 2333 ,
1085 2288 1229 2330 sulcata
1252 2292 1294 2330 ὅτ,
1325 2293 1501 2331 coriacea
1520 2317 1532 2334 ‚

236 2344 374 2382 eodem
392 2346 533 2398 Capite
557 2344 620 2385 sub
647 2359 750 2384 num.
771 2357 816 2382 11.
835 2342 1024 2399 descripta
1045 2374 1049 2379 -

115 2400 249 2454 Figgg.
274 2400 301 2438 Β
317 2401 350 2437 C
368 2401 415 2438 D.
436 2399 517 2440 sunt
535 2403 687 2441 Vrticae
703 2399 805 2455 quasi
824 2400 1101 2453 mucilagineae
1117 2400 1390 2447 esculentae,&
1406 2405 1533 2443 vario-

231 2469 318 2495 rum
347 2455 527 2496 colorum
542 2487 550 2497 .
1375 2458 1532 2514 FiggAE.
