2125 2915
439 201 806 244 APPENDIX
846 201 1190 245 SECVNDA·
1459 213 1525 252 105

119 298 192 336 reis
209 323 220 338 ,
250 291 574 334 &flavicantibus
597 292 821 333 alternatim
844 290 1034 345 dispositis
1065 289 1248 330 instrucsta
1266 315 1274 324 ·
1309 288 1419 328 Duos
1443 288 1531 342 pol-

121 351 212 392 lices
242 351 382 404 longae
410 348 495 389 sunt
509 352 588 401 ejus
619 349 756 389 valvae
773 378 784 393 ,
814 349 990 388 &unum
1005 348 1160 388 circiter
1189 346 1290 386 latae
1308 372 1316 380 -
1348 344 1413 384 Ad
1428 358 1526 384 mar·-

123 410 255 461 ginem
279 408 476 446 internum
495 405 696 446 valvarum
721 405 944 444 membrana
959 401 1158 444 tendinosa
1181 401 1251 446 est,
1283 415 1381 455 quae
1396 411 1530 442 exten-

121 463 227 502 ditur
243 490 254 505 ,
283 461 443 516 quando
473 463 699 515 aperiuntur
714 460 873 502 valvae,
904 461 946 499 &
971 473 1113 513 corpus
1134 460 1337 499 animantis
1360 459 1463 510 jacet
1491 459 1531 496 in

121 519 255 558 medio
282 517 394 570 hujus
427 519 697 559 membranae·
742 514 973 558 Vniversum
1001 530 1143 571 corpus
1174 515 1381 554 animantis
1411 512 1534 553 callo-

121 573 204 614 sum
222 602 231 617 ‚
261 576 304 614 &
335 573 433 614 Mali
461 574 603 614 medici
629 573 763 613 colore
779 600 787 608 -
818 572 973 612 Caudas
1000 572 1093 612 duas
1122 571 1239 610 habet
1266 569 1532 621 cartilagineas

121 629 355 684 cylindricas
372 657 382 673 ‚
406 633 451 672 ὅτ.
471 630 718 670 articulatas.
749 631 856 670 Haec
882 629 1017 668 omnia
1045 628 1153 668 cerni
1183 624 1337 681 poffunt
1351 625 1449 665 Tab.
1466 626 1531 665 XI„

121 684 190 727 sub
213 683 277 740 fig.
296 688 338 726 L.
355 687 396 725 in
419 701 496 741 qua
512 702 541 727 c.
558 701 586 726 c.
604 685 691 725 sunt
706 685 865 725 Caudae
890 683 1123 725 articulatae
1147 682 1384 737 cylindricae
1400 712 1411 726 ,
1435 695 1533 735 quae

121 742 162 781 in
193 742 324 783 medio
355 743 539 784 videntur
568 741 816 796 perforatae,
851 752 892 780 at
921 754 1001 780 non
1028 739 1138 782 sunt,
1183 740 1227 778 &
1258 740 1435 778 Battarra
1465 752 1533 778 no-

121 796 194 837 ster
225 800 411 852 opinatur
453 799 643 850 originem
679 798 769 837 dare
797 796 1003 837 Entrochis
1036 795 1109 835 illis
1147 793 1330 835 foffilibus
1353 824 1364 839 ‚
1404 797 1472 848 qui
1495 796 1534 834 in

119 854 320 894 Montibus
336 855 580 909 reperiuntur
596 885 603 892 .
633 853 890 893 Rondeletius
903 883 912 897 ‚
943 853 1010 905 qui
1025 852 1206 905 depinxit
1221 851 1416 891 Tellinam
1432 850 1531 890 hanc

122 907 191 948 sub
220 912 376 949 nomine
392 910 563 950 Charmae
593 909 780 949 Peloridis
797 939 806 953 ,
831 908 1110 962 &exemplum
1127 938 1137 953 ,
1168 907 1276 962 quod
1304 906 1462 962 depingi
1476 920 1539 946 cu<

122 965 225 1004 ravit
244 991 253 1006 ,
279 967 370 1018 quia
395 965 574 1005 mutilum
604 975 713 1009 erat,
738 966 780 1004 ὅ(
797 965 928 1004 caudis
959 964 1075 1018 usque
1107 964 1157 1003 ad
1187 963 1371 1004 ultimum
1396 964 1540 1003 articu-

122 1018 206 1059 lum
225 1021 470 1061 obtruncatis
487 1049 497 1064 ‚
522 1023 703 1074 opinatus
729 1019 782 1061 est
806 1035 926 1061 unum
956 1035 1005 1061 ex
1036 1022 1078 1060 iis
1099 1020 1271 1061 articulis
1300 1035 1343 1060 os
1368 1018 1440 1060 esse
1458 1048 1468 1064 ,
1497 1021 1540 1059 &

125 1075 294 1118 alterum
323 1092 441 1118 anum
459 1107 468 1121 ‚
499 1076 559 1118 sed
577 1105 587 1120 ,
614 1089 659 1116 ut
686 1076 795 1119 dixi,
836 1077 993 1118 articuli
1022 1076 1081 1116 isti
1111 1078 1293 1130 impervii
1323 1074 1432 1116 sunt.
1462 1076 1538 1116 Ve-

127 1146 239 1176 rum,
271 1144 316 1172 ut
342 1135 506 1187 ingenue
538 1133 685 1175 fatear,
717 1133 875 1186 quando
905 1134 1005 1173 hanc
1031 1133 1226 1174 Tellinam
1251 1134 1363 1185 pingi
1380 1143 1540 1171 curave-

125 1202 208 1227 ram
237 1189 285 1227 ad
309 1203 441 1229 manus
457 1204 536 1229 non
553 1200 635 1230 erat
664 1190 891 1229 Rondeletii
917 1191 1030 1230 Liber
1049 1220 1059 1233 ,
1090 1202 1208 1241 quare
1223 1190 1278 1226 Os
1295 1190 1374 1238 ejus
1391 1214 1401 1229 ‚
1433 1187 1542 1240 quod

124 1244 173 1282 ad
199 1259 220 1282 a
252 1243 323 1283 effe
347 1246 505 1285 deberet
521 1276 531 1290 ‚
561 1248 604 1285 ὅτ.
619 1246 751 1285 Anum
769 1245 818 1287 ad
842 1246 863 1285 b
878 1274 888 1289 ,
906 1259 984 1285 non
1008 1244 1257 1286 examinavi;
1288 1243 1418 1284 Rarae
1435 1244 1538 1283 enim

123 1297 209 1337 sunt
237 1300 340 1352 apud
373 1315 442 1341 nos
474 1299 690 1353 hujusmodi
720 1300 931 1345 Conchae,
973 1301 1017 1341 &
1039 1314 1115 1341 una
1142 1309 1210 1339 aut
1232 1298 1354 1338 altera
1388 1310 1542 1340 tantum

126 1355 176 1394 ad
206 1370 267 1396 rne
292 1357 443 1410 integra
468 1356 585 1396 allata
610 1357 664 1397 est
689 1357 930 1411 temporibus
960 1357 1129 1399 multum
1160 1371 1183 1397 a
1215 1354 1250 1395 se
1278 1354 1411 1397 diffitis
1429 1384 1438 1398 ‚
1472 1357 1543 1395 mi-

124 1411 241 1467 hique
258 1423 351 1454 tunc
370 1413 614 1454 vehementer
631 1425 833 1467 occupato
852 1441 859 1449 ·

241 1469 293 1508 ΙΙ.
337 1468 491 1509 Tellina
519 1469 614 1509 haec
645 1469 790 1510 Peloris
821 1483 843 1509 a
872 1470 1115 1511 Rondeletio
1140 1470 1245 1510 dieta
1284 1468 1359 1510 fuit
1379 1500 1388 1514 ‚
1432 1469 1541 1525 quod

126 1523 176 1563 ab
206 1524 409 1564 Athenaeo
438 1526 625 1563 Conchae
654 1537 818 1575 magnae
845 1526 888 1563 ὃς
913 1527 1085 1579 ingentes
1111 1525 1305 1566 Pelorides
1336 1527 1544 1570 dicantur3

125 1578 298 1623 Verum,
329 1590 372 1617 ut
391 1577 469 1632 ipse
491 1577 750 1618 Rondeletius
781 1577 951 1625 fatetur,
995 1580 1089 1619 haec
1121 1593 1191 1619 nec
1223 1595 1361 1633 magna
1390 1581 1442 1621 est
1474 1596 1545 1621 nec

126 1634 256 1686 ingens
290 1649 299 1677 ;
327 1635 462 1686 Qare
490 1633 517 1674 fi
544 1633 718 1674 chamae
748 1648 909 1688 magnae
941 1636 1076 1676 vocari
1107 1636 1292 1677 deberent
1323 1637 1543 1683 Pelorides,

129 1688 215 1728 illae
246 1689 360 1729 effent
378 1719 387 1732 ,
428 1705 527 1744 quae
556 1688 692 1730 foffiles
723 1691 971 1744 reperiuntur
1003 1693 1042 1735 in
1067 1689 1207 1731 Monte
1237 1692 1368 1732 Sanffi
1386 1693 1545 1744 Joannis

125 1747 166 1842 {in
194 1745 370 1786 Galilaea
399 1744 646 1787 Ariminenfis
676 1745 910 1793 Diocesem,
953 1761 1052 1803 quae
1080 1746 1128 1786 ad
1159 1747 1341 1802 pedalem
1372 1747 1550 1803 longitu-

154 1803 254 1841 inem
272 1803 463 1842 accedunt
481 1830 489 1839 .

126 1922 283 1948 ‹mmai-t>
289 1923 1548 1953 QQQQQQQQQQQQQQQQ

433 2025 906 2088 CAPVT
1009 2025 1226 2086 XII.

407 2149 736 2188 Conona
789 2160 956 2188 SINE
1015 2147 1265 2187 TESTA-

128 2255 210 2340 C
230 2253 410 2294 Oncham
429 2255 529 2296 hanc
560 2254 730 2296 nudam,
761 2268 859 2307 quae
874 2253 986 2295 Testa
1008 2265 1139 2298 caret,
1171 2256 1229 2294 uti
1258 2266 1393 2296 carent
1419 2256 1549 2297 Lima-

241 2324 302 2350 ces
329 2312 545 2356 terrestres,
591 2310 741 2366 duplici
774 2310 965 2353 schemate
1005 2313 1174 2367 exprimi
1211 2315 1341 2352 curavi
1375 2314 1469 2353 Tab.
1502 2315 1548 2353 V.

125 2367 306 2419 Qiorum
335 2365 400 2406 sub
430 2369 575 2409 Littera
594 2370 641 2408 G.
668 2367 883 2421 expreffum
911 2381 1036 2421 prona
1059 2368 1110 2409 est
1137 2368 1297 2408 Concha
1327 2399 1334 2410 ‚
1369 2381 1466 2421 quae
1499 2370 1553 2408 in-

120 2423 272 2463 terdum
304 2421 426 2478 duplo
454 2427 580 2476 major
607 2423 660 2465 est
688 2423 896 2465 schemate
939 2425 1107 2465 Dorsum
1135 2427 1277 2463 cinerei
1302 2424 1405 2463 color
1418 2426 1445 2463 is
1471 2423 1547 2468 est,

916 2483 954 2521 O
1462 2494 1552 2522 cute
