2125 2915
1477 209 1552 252 123

122 291 199 342 Fig.
215 286 303 329 vn.
319 282 425 324 Vm.
443 279 632 321 Turbines
646 279 787 334 virgati
802 277 1008 320 Tricornei
1030 289 1121 319 cum
1139 274 1205 320 ¹suo
1221 276 1428 335 Operculo
1439 306 1450 322 ,
1466 293 1563 333 quo-

237 356 321 383 rum
343 340 416 379 tria
432 335 517 379 sunt
533 350 672 390 genera.
692 336 891 389 Purpureo
910 332 1025 372 succo
1040 332 1182 377 referta
1198 359 1207 368 .

123 400 201 452 Fig,
220 399 285 438 IX.
304 397 400 436 Nux
426 393 574 433 marina
601 391 662 432 seu
691 391 832 444 Jujuba
861 391 1009 429 marina
1037 404 1123 444 pag.
1142 401 1206 430 22-
1242 388 1460 444 descripta,
1492 391 1553 432 sed

233 466 312 491 non
330 449 418 491 satis
436 449 531 489 bene
548 450 596 489 ab
611 448 807 502 Operibus
828 446 977 485 Venetis
993 444 1173 499 expreffa.
1186 443 1422 486 Consulatur
1433 447 1555 487 Gual-

235 508 354 548 terius
371 505 541 549 Tab-III.
560 503 676 559 figD.
689 504 731 543 &
747 502 852 544 Fabii
867 500 1085 545 Columnae
1101 499 1399 547 Observationes
1415 503 1551 560 Aqua.

39 594 42 596 ·
234 564 363 603 tilium
379 562 456 600 δίε.
476 575 565 615 pag.
580 560 717 602 LXIX.

124 622 204 675 Fig-
223 622 269 663 X.
290 619 432 660 Eadem
457 615 590 672 {upina
605 614 778 672 expreffa
791 643 802 659 ‚
834 613 896 656 sed
911 626 991 655 non
1010 612 1095 655 satis
1111 615 1209 655 bene
1226 641 1233 651 .

361 729 646 773 TABVLA
690 730 722 768 1.
763 727 1201 770 APPENDICIS
1241 728 1304 767 II.

121 848 201 900 Fig.
218 846 265 889 A,
283 843 336 885 est
352 844 516 885 Echinus
534 871 545 887 ,
576 841 636 882 seu
652 841 928 882 Echinometra
959 840 1125 895 vulgaris
1149 840 1290 881 aculeis
1316 842 1433 894 nigris
1466 841 1550 895 ple-

233 915 396 952 rumque
413 928 423 942 ‚
454 901 503 941 ad
519 915 553 939 a·
571 915 604 939 a·
621 914 653 938 a·
671 915 704 938 a.
721 912 754 937 a·
773 896 858 937 sunt
874 900 1034 938 Cornua
1050 927 1061 943 ‚
1082 896 1145 937 seu
1161 896 1413 941 Proboscides
1429 925 1440 943 ,
1468 900 1554 950 qui-

230 957 300 996 bus
331 956 477 999 Pedum
504 955 596 995 loco
629 964 792 994 utuntur
822 953 985 996 Echini,
1013 965 1057 993 ut
1089 953 1298 997 incedant,
1330 953 1378 997 de
1409 953 1548 1006 quibus

232 1025 320 1065 cap.
339 1026 376 1052 v.
395 1012 435 1050 in
450 1010 682 1065 Appendice
699 1010 748 1048 ΙΙ.

121 1068 199 1120 Fig.
219 1068 269 1106 D.
290 1069 339 1109 D.
357 1068 451 1111 Sunt
465 1068 598 1107 eadem
628 1067 788 1105 Cornua
805 1066 909 1107 vitro
925 1068 1039 1107 aucsta
1054 1092 1063 1101 -

120 1123 201 1177 Fig-
221 1124 260 1162 B.
292 1121 351 1161 Est
376 1121 616 1177 segmentum
639 1120 842 1177 Trianguli
870 1121 1056 1175 sphaerici
1085 1122 1229 1175 partim
1262 1121 1475 1176 perforati,
1506 1121 1549 1160 &

234 1180 379 1231 partim
397 1180 576 1231 impervii
594 1207 603 1222 ,
635 1191 683 1217 ex
699 1192 777 1230 quo
793 1177 989 1220 conflatur
1003 1177 1114 1218 Testa
1134 1177 1266 1217 Echini
1281 1204 1288 1210 -

119 1234 197 1288 fig.
212 1232 257 1272 C.-
276 1235 371 1276 Sunt
404 1245 533 1289 partes
548 1235 824 1287 Heptagonae,
849 1236 890 1274 &
906 1236 1144 1286 Hexagonae
1160 1230 1371 1285 Triangula
1387 1230 1553 1272 Echino-

230 1303 320 1329 rum
346 1300 626 1343 componentes
644 1315 652 1323 ·
699 1290 827 1328 Partes
866 1291 1137 1342 heptagonae‚
1179 1300 1277 1340 quae
1309 1289 1351 1327 &
1379 1289 1548 1339 majores

230 1343 314 1384 sunt
332 1371 342 1386 ‚
374 1347 608 1398 imperviae·
642 1344 771 1384 Partes
802 1345 1070 1399 Hexagonae‚
1099 1358 1197 1398 quae
1228 1345 1399 1384 minores
1437 1341 1552 1390 sunt,

231 1399 450 1458 perforatae
466 1398 552 1439 sunt
568 1412 642 1453 pro
667 1402 776 1440 exitu
791 1401 940 1441 Pedum
957 1429 965 1438 .

458 1510 816 1553 TABVLA
887 1513 968 1552 ΙΙ.
1036 1514 1204 1553 ΑΡΡ.

118 1625 196 1677 Fig.
214 1623 263 1663 A·
281 1624 329 1663 A.
355 1622 399 1662 &
423 1622 463 1660 B·
481 1623 521 1665 B·
547 1621 600 1663 est
621 1621 786 1662 Echinus
811 1625 936 1676 major
966 1622 1073 1662 Melo
1096 1623 1223 1663 dicstus
1249 1624 1287 1662 in
1304 1624 1397 1664 duas
1419 1635 1546 1678 partes

230 1678 348 1720 sectus
366 1709 373 1716 .
390 1678 453 1718 Ad
478 1681 523 1719 C.
539 1680 585 1718 C.
602 1680 647 1716 G.
666 1680 713 1717 G.
730 1680 775 1717 G·
790 1678 842 1721 est
857 1680 1012 1721 Canalis
1035 1678 1312 1719 Intestinorum
1329 1690 1403 1719 tres
1420 1679 1550 1723 saccu-

232 1737 289 1777 los
322 1749 356 1773 C.
375 1749 409 1775 c.
430 1749 465 1774 c.
494 1734 555 1775 seu
586 1734 824 1776 ventriculos
845 1735 1048 1778 efformans
1079 1737 1121 1775 &
1151 1733 1321 1775 definens
1362 1737 1400 1774 in
1433 1751 1465 1775 n.
1483 1737 1550 1775 ubi

230 1791 284 1832 est
313 1805 428 1831 anus.

227 1847 292 1886 Ad
311 1848 343 1886 d.
361 1848 394 1885 d.
411 1847 445 1885 d.
474 1844 559 1884 sunt
574 1844 695 1897 spatia
726 1860 848 1885 vacua
864 1848 903 1885 in
925 1846 1074 1887 Echino
1091 1860 1190 1899 aqua
1207 1847 1357 1886 marina
1374 1845 1512 1887 referta
1536 1875 1543 1885 .

229 1900 293 1942 Ad
309 1902 342 1941 h.
361 1901 390 1940 h.
410 1901 441 1939 h.
458 1900 491 1940 h.
507 1901 539 1941 h.
563 1901 660 1939 Sunt
675 1902 821 1942 Ovaria
851 1901 1043 1945 esculenta
1061 1903 1098 1940 in
1117 1901 1268 1941 Echino
1285 1928 1295 1944 ‚
1327 1914 1426 1953 quae
1458 1904 1548 1943 Ova

227 1957 442 1997 excludunt
458 1970 526 2010 per
544 1956 718 1997 foramen
749 1955 919 2010 pofitum
950 1959 988 1996 in
1004 1957 1097 1998 testa
1114 1956 1250 1997 Echini
1281 1955 1330 1996 ad
1357 1958 1548 1997 verticem

229 2014 467 2054 Ovariorurn
484 2043 494 2062 ‚
523 2027 621 2067 quae
638 2015 771 2056 omnia
787 2028 872 2068 cap.
889 2029 924 2055 v·
943 2015 983 2054 in
997 2013 1230 2067 Appendice
1246 2011 1516 2055 describuntur
1535 2041 1543 2050 ·

440 2127 792 2173 TABVLA
852 2128 980 2168 ΙΙΙ.
1041 2127 1218 2168 ΑΡΡ.

113 2240 193 2294 Fig.
212 2241 256 2279 C·
275 2239 334 2281 Est
349 2242 554 2282 cancellus
584 2242 774 2281 maximus
792 2241 830 2279 in
844 2239 1021 2281 Cochlea
1050 2239 1313 2281 Casfidiformi
1332 2253 1547 2293 praegran-

228 2297 268 2361 di
301 2296 454 2338 latitans
472 2327 482 2342 ‚
513 2299 556 2337 &
584 2311 672 2350 cap.
691 2310 786 2337 Xin.
808 2299 847 2336 in
866 2297 1097 2352 Appendice
1128 2296 1347 2351 descriptus
1363 2326 1371 2335 .
1409 2296 1473 2336 Ad
1489 2297 1546 2349 λΑ.

226 2366 329 2448 2³3le
339 2364 498 2462 ceiipeliue
515 2424 658 2465 corpus
678 2413 715 2451 in
741 2410 913 2451 Cochlea
931 2411 1050 2451 latens
1067 2440 1074 2449 .

785 2466 824 2504 O
857 2481 879 2508 2
1415 2462 1546 2504 TABV-

809 2499 853 2517 N
