2145 2910
426 218 1263 264 AESTVSMARITIMI
1520 226 1566 267 ὅς

124 313 209 356 lum
240 311 439 355 definitum
472 326 623 368 tempus
662 313 840 368 surgendi
872 312 1014 353 habere
1056 310 1260 351 videantur
1286 336 1297 351 ‚
1341 319 1472 349 tamen
1503 309 1579 362 ple-

129 384 295 425 rumque
319 372 425 426 apud
446 385 515 410 nos
536 373 647 412 Mare
665 368 709 410 fit
726 369 915 411 fluetuans
948 371 990 409 ὃς
1014 365 1280 424 procellosum
1294 368 1414 419 magis
1433 376 1583 421 tempo-

126 443 167 468 re
193 428 334 468 Fluxus
356 457 366 472 ‚
397 440 515 480 quam
549 438 726 483 tempore
756 424 946 467 Refluxus
977 454 987 468 ‚
1015 425 1233 479 quinimmo
1264 424 1303 462 in
1332 421 1453 463 Fluxu
1485 421 1579 463 sem-

128 497 198 536 per
228 514 237 529 ,
278 485 398 523 etiam
430 484 467 522 in
499 498 639 538 magna
659 482 970 536 tranquillitate,
996 480 1211 537 paullulum
1246 478 1409 520 fluctuat
1438 480 1575 519 Mare.

127 539 326 594 Tempore
358 554 453 580 vero
482 538 673 580 Refluxus
700 540 870 579 Malacia
900 539 1091 592 quaedam
1120 534 1290 576 succedit
1313 563 1323 577 ‚
1355 535 1415 576 vel
1445 534 1579 575 saltem

129 596 260 649 aliqua
283 606 440 642 motus,
472 595 534 636 seu
566 595 829 637 fluctuationis
866 595 1115 635 imminutio.
1146 593 1280 643 Qare
1299 590 1454 632 Aestate
1484 589 1581 632 sum-

131 666 198 691 mo
227 666 339 693 mane
373 653 478 707 apud
510 665 578 693 nos
609 651 756 705 semper
790 653 900 692 Mare
931 650 984 691 est
1014 647 1267 703 tranquillum
1285 649 1464 701 &Hieme
1489 662 1580 689 vero

132 709 352 749 Occidente
369 710 455 749 Sole
474 738 483 752 ‚
515 710 560 748 iis
577 707 724 748 scilicet
742 708 986 761 temporibus
1007 738 1016 752 ,
1033 706 1171 761 quibus
1190 702 1376 745 Refluxus
1392 705 1496 760 apud
1512 718 1581 745 nos

133 762 221 803 sunt
250 765 495 806 constantes:
521 765 754 805 Dummodo
788 774 917 803 tamen
935 765 1053 804 Venti
1087 761 1249 800 violenti
1280 775 1358 801 non
1390 759 1582 802 saeviant.

134 819 268 871 Qare
299 834 419 873 quum
448 823 487 859 in
517 820 777 874 superioribus
794 820 944 859 dietum
963 818 1007 858 sit
1025 817 1158 857 Aestus
1177 819 1342 869 majores
1365 814 1448 856 fieri
1474 819 1584 857 Luna

134 889 239 914 nova
270 876 462 929 plenaque
481 906 489 920 ‚
524 886 617 915 tunc
649 877 766 915 etiam
798 878 961 928 majores
994 873 1265 914 fluctuationes
1295 875 1333 913 in
1350 875 1459 913 Mare
1489 888 1584 913 con-

132 930 291 984 tingunt
310 960 320 975 ,
353 933 395 970 &
426 933 542 970 Venti
561 933 725 982 majores
743 933 780 969 in
797 932 899 971 Aere
918 959 928 974 ,
951 933 1017 984 qui
1043 944 1164 985 quum
1196 929 1388 970 interdum
1416 930 1482 970 diu
1512 930 1584 970 du-

135 997 223 1025 rent
253 986 568 1027 Fludtuationem
586 988 704 1026 etiam
723 997 903 1039 tempore
929 985 1117 1027 Refluxus
1135 988 1173 1024 in
1192 988 1302 1026 Mare
1328 985 1558 1026 conservant
1573 1012 1582 1022 .

134 1041 273 1082 Fateor
303 1053 436 1083 tamen
473 1045 640 1095 majores
674 1044 825 1082 Ventos
845 1071 854 1086 ‚
885 1042 1124 1096 majoresque
1156 1043 1274 1081 Maris
1298 1042 1583 1082 Fluctuationes

136 1098 243 1150 apud
272 1111 339 1137 nos
371 1100 601 1151 contingere
632 1098 766 1152 paullo
799 1109 886 1138 ante
913 1100 1156 1139 Novilunia‚
1185 1099 1228 1137 &
1253 1098 1491 1142 Plenilunia‚
1522 1097 1584 1137 vel

135 1151 219 1206 ipso
247 1153 740 1194 Novilunii&Plenilunii
769 1155 858 1197 die,
888 1158 1006 1210 quam
1035 1154 1119 1208 post
1138 1153 1400 1193 Novilunium
1431 1154 1474 1192 &
1502 1153 1584 1192 Ple-

134 1209 327 1248 nilunium
346 1236 356 1251 ,
390 1212 504 1248 tertia
523 1209 667 1249 scilicet
686 1210 751 1249 illa
770 1211 832 1249 die
849 1239 858 1252 ‚
890 1226 965 1263 qua
985 1213 1150 1260 majores
1168 1207 1301 1247 Aestus
1317 1211 1557 1263 contingunt
1574 1237 1582 1245 .

132 1263 244 1304 Tunc
267 1266 368 1304 enim
389 1265 482 1305 licet
509 1263 656 1320 semper
682 1267 804 1319 magis
837 1265 979 1305 aestuet
999 1296 1008 1310 ,
1040 1265 1099 1304 seu
1131 1265 1253 1317 magis
1285 1264 1513 1305 intumescat
1540 1266 1584 1304 ὃς

138 1319 377 1360 detumescat
392 1321 502 1360 Mare
521 1351 531 1366 ,
560 1332 691 1360 tamen
718 1336 796 1361 non
813 1332 967 1361 tantum
983 1322 1116 1361 Ventis
1147 1323 1189 1360 ὃς
1221 1319 1415 1360 Fluctibus
1439 1336 1586 1362 concu-

139 1378 236 1416 titur
270 1405 280 1419 ,
313 1387 504 1431 quantum
537 1388 627 1416 ante
658 1405 667 1419 ,
700 1379 743 1417 ὃς
772 1376 854 1432 ipso
871 1378 1209 1430 Conjundtionum
1238 1377 1299 1416 die
1331 1408 1338 1415 .
1370 1376 1585 1419 Observavi

137 1444 337 1485 praeterea
354 1434 624 1473 Barometrum
640 1431 867 1473 instantibus
885 1436 972 1473 Con
976 1434 1241 1486 junctionibus
1267 1432 1413 1486 semper
1430 1434 1477 1473 ad
1497 1437 1585 1475 treis

134 1489 194 1528 vel
225 1499 394 1542 quatuor
421 1490 536 1529 lineas
555 1490 750 1542 deprimi.
783 1492 933 1530 Exadiis
967 1505 1060 1531 vero
1078 1490 1434 1542 Conjundtionibus
1452 1488 1584 1531 sensim

136 1545 174 1581 in
193 1543 394 1597 pristinum
424 1545 570 1584 redire·
598 1545 720 1596 quue
753 1544 828 1583 fere
861 1557 1054 1598 perpetuo
1071 1543 1154 1584 fieri
1178 1547 1281 1599 apud
1299 1560 1368 1584 nos
1386 1561 1456 1599 pei·
1473 1550 1585 1600 quin-

134 1600 345 1650 quennium
361 1598 563 1640 observavi
582 1630 591 1643 ‚
619 1611 664 1639 ut
692 1601 759 1638 vix
786 1611 859 1639 tres
891 1601 952 1639 vel
982 1611 1151 1653 quatuor
1162 1603 1472 1653 Conjunrftiones
1504 1603 1582 1643 hoc

134 1664 312 1708 tempore
344 1655 479 1694 abbae
511 1654 644 1706 regula
679 1656 973 1695 aberraverint.
996 1658 1042 1695 Id
1070 1671 1119 1695 an
1150 1658 1305 1695 eveniat
1337 1668 1429 1697 tunc
1447 1661 1584 1699 Attra-

134 1711 263 1748 <stione
295 1711 463 1762 quadam
481 1712 611 1748 Lunae
626 1712 667 1748 ὃς
686 1710 781 1749 Solis
800 1740 809 1754 ,
835 1713 902 1763 qui
918 1710 1058 1750 sursum
1076 1714 1219 1751 Aerem
1245 1711 1385 1750 tollant
1401 1740 1410 1753 ,
1441 1725 1485 1752 ut
1513 1716 1583 1753 rni-

136 1778 202 1803 nus
225 1766 348 1818 gravis
366 1762 433 1803 fiat
449 1795 458 1808 ‚
488 1765 528 1804 ὅ(
557 1764 828 1817 aequilibrium
847 1768 950 1817 apud
970 1781 1037 1805 nos
1056 1767 1220 1806 tollatur
1239 1794 1248 1807 ‚
1283 1781 1401 1820 quare
1417 1772 1582 1821 majores

134 1821 253 1859 Venti
289 1833 336 1857 ex
366 1820 467 1857 Polis
489 1820 537 1858 ad
566 1832 634 1857 nos
664 1819 784 1858 veluti
815 1819 1015 1859 confluant
1043 1823 1086 1860 δε
1120 1824 1270 1861 irruant
1296 1851 1307 1866 ‚
1340 1823 1379 1861 id
1414 1826 1582 1864 viderint

137 1876 328 1915 Newtoni
350 1872 561 1927 Discipuli.
589 1872 776 1913 Nostrum
808 1875 893 1915 heic
927 1891 1005 1915 non
1039 1875 1092 1917 est
1115 1878 1311 1916 variorum
1338 1876 1583 1932 systematum

137 1931 382 1982 conjedturas
400 1930 595 1983 explicare
612 1958 621 1971 ,
656 1928 718 1970 sed
752 1929 994 1984 potissimum
1019 1944 1157 1973 eventa
1174 1934 1293 1973 Maris
1321 1933 1438 1975 nostri
1468 1937 1584 1977 refer—

138 2001 201 2026 re·
234 1985 353 2025 Addo
385 1996 536 2025 tantum
567 1987 604 2024 in
638 1984 771 2025 fine&
789 1987 882 2028 alios
911 1987 1121 2029 observasse
1137 1991 1296 2028 marein
1313 1989 1482 2031 Refluxu
1500 2024 1508 2035 ,
1539 1995 1582 2034 ὅ(

141 2056 254 2082 mane
284 2044 404 2094 magis
436 2041 693 2096 tranquillum
711 2042 805 2088 effe,
823 2047 939 2098 quarn
971 2047 1074 2085 circa
1101 2046 1305 2085 Meridiem
1338 2047 1381 2085 ὃς
1411 2050 1582 2089 mediam

140 2098 309 2137 Noc‘tem
328 2128 337 2142 ‚
354 2100 396 2139 ὅ(
418 2098 642 2139 Aristoteles
660 2110 857 2152 praeterea
875 2128 885 2143 ‚
915 2100 1004 2141 teste
1023 2102 1147 2142 Plinio
1164 2106 1219 2149 (a)
1240 2133 1247 2145 ‚
1265 2105 1474 2143 memoriae
1492 2119 1582 2159 pro-

140 2153 237 2193 didit
253 2154 402 2194 nullum
421 2155 579 2195 Animal
597 2153 663 2194 nisi
682 2154 798 2195 Aestu
822 2158 1025 2198 recedente
1053 2157 1249 2212 exspirare
1267 2188 1276 2202 ‚
1305 2160 1410 2213 quod
1446 2176 1467 2199 a
1499 2162 1580 2202 Me-

142 2210 234 2249 dicis
265 2209 607 2252 Observationibus
648 2212 883 2265 quotidianis
917 2211 1175 2254 confirmatur
1202 2242 1211 2257 ‚
1242 2216 1378 2267 quibus
1409 2218 1581 2258 videmus

143 2266 294 2320 Aegros
325 2268 425 2322 apud
458 2283 527 2308 nos
559 2266 798 2322 potisfimum
815 2271 977 2311 Oriente
1010 2271 1072 2311 vel
1102 2273 1279 2312 Cadente
1297 2274 1586 2317 Soleinterire,

139 2324 379 2376 temporibus
398 2322 542 2366 scilicet
559 2353 568 2367 ‚
594 2326 731 2378 quibus
750 2324 882 2365 Aestus
913 2328 1083 2367 recedit.
1117 2326 1212 2367 Heic
1244 2330 1504 2380 quaerendum
1532 2329 1585 2370 es-

139 2375 193 2417 set
221 2392 290 2419 cur
319 2379 396 2421 hoc
421 2384 631 2436 contingat
648 2410 658 2426 ,
684 2395 804 2436 quum
822 2382 930 2423 Mare
960 2386 1001 2424 &
1018 2386 1097 2425 Aer
1129 2395 1220 2424 tunc
1249 2383 1320 2424 sint
1337 2387 1456 2437 magis
1475 2384 1579 2426 seda-

984 2440 1002 2477 Ι
1041 2478 1043 2481 ,
1478 2443 1576 2482 ta&

160 2506 203 2532 ga)
224 2499 299 2530 Ptin.
319 2500 392 2541 His).
414 2507 481 2534 Nat.
502 2508 548 2536 lib.
566 2519 588 2536 z..
608 2519 665 2543 cap.
683 2513 724 2542 98.
