2145 2910
508 211 556 257 56
952 208 1508 252 SPEGIMEN

878 313 1419 361 PROPOSITIO
1489 319 1573 362 Vr.

506 408 625 456 Mare
663 404 961 455 Hadriaticum
1012 407 1055 453 in
1092 407 1257 457 Littore
1294 405 1546 457 Ariminensi
1587 409 1737 459 ceteris
1776 410 1946 477 paribus

574 487 692 537 velut
722 487 913 536 Flumina
930 518 944 543 ,
973 491 1205 538 Torrentes
1223 520 1237 545 ,
1257 493 1302 537 δε
1318 495 1454 541 Lacus
1486 508 1636 545 omnes
1654 523 1669 548 ‚
1689 491 1786 558 plus
1813 512 1946 560 aqua-

575 585 669 616 rum
694 569 887 619 continet
919 569 1060 622 hieme
1095 588 1226 636 quam
1259 574 1443 623 aestate.

935 678 1522 725 SCHOLIVM.

508 764 572 850 P
592 759 805 815 Ropofitio
838 764 963 812 haec,
993 781 1112 820 quam
1138 765 1253 809 instar
1284 768 1475 812 lemmatis
1506 768 1703 822 cujusdam
1734 769 1783 809 acl
1815 767 1949 807 melius

607 818 858 860 declarandas
889 822 1178 876 propositiones
1195 823 1407 881 sequenteis
1424 828 1488 866 hic
1507 827 1687 881 ponimus
1705 853 1714 867 ‚
1745 826 1874 880 potius
1895 825 1945 864 ad

505 892 613 919 mare
639 886 840 930 tamquam
871 892 1055 932 magnum
1072 881 1275 923 Fluentum
1305 881 1593 924 consideratum
1610 910 1619 924 ,
1647 896 1764 934 quam
1795 880 1843 919 ad
1869 894 1949 919 ma-

506 951 548 976 re
574 934 736 992 proprie
761 932 929 978 sumtum
947 938 1137 990 pertinet.
1170 939 1280 979 Mare
1310 941 1414 979 enim
1431 939 1603 980 nostrum
1636 938 1763 978 hieme
1796 935 1947 990 semper

504 993 628 1046 magis
659 990 852 1033 elevatum
869 991 946 1038 est,
972 994 1115 1035 &urbi
1133 994 1282 1036 nostrae
1313 998 1598 1051 proquinquius
1629 1008 1749 1048 quam
1782 992 1948 1037 aestate3

504 1050 630 1102 quue
660 1061 852 1103 perpetuo
891 1065 962 1105 per
995 1053 1309 1108 quinquennium
1339 1053 1602 1108 ⁴cognorimus
1633 1054 1687 1092 ex'
1712 1051 1814 1089 notis
1846 1049 1919 1089 illis
1937 1080 1947 1095 >

506 1119 600 1159 quas
628 1119 741 1145 muro
760 1109 961 1151 interiori,
989 1111 1031 1148 &
1056 1110 1151 1165 palis
1178 1111 1437 1151 exterioribus
1462 1119 1597 1165 portus
1626 1105 1742 1146 nostri
1767 1103 1949 1159 apposui-

506 1175 617 1203 mus-
650 1161 731 1199 Alii
759 1165 950 1204 videbunt
980 1178 1114 1207 utrum
1140 1168 1217 1208 hoc
1249 1169 1457 1218 continqat
1491 1176 1659 1220 propter
1678 1165 1841 1214 majores
1861 1161 1950 1216 plu-

507 1220 613 1260 vias,
639 1217 864 1273 &propter
882 1222 1086 1274 ingressum
1120 1228 1311 1276 majorem
1343 1213 1530 1277 aquarum
1559 1220 1764 1261 fluminum
1796 1221 1833 1257 in
1867 1233 1950 1258 ma·

508 1291 549 1316 re
581 1275 708 1315 hieme
745 1289 861 1328 quam
894 1275 1035 1316 aestate
1067 1293 1076 1322 3
1106 1294 1155 1319 an
1194 1291 1361 1333 propter
1401 1280 1594 1318 minorem
1627 1277 1950 1328 evaporationem

508 1346 697 1386 aquarum
729 1334 845 1371 maris
876 1348 898 1372 a
928 1333 1044 1373 radiis
1062 1334 1258 1375 Solaribus
1278 1334 1420 1375 sacrm
1437 1334 1602 1373 hiberno
1622 1344 1801 1386 tempore
1831 1346 1949 1385 quum

509 1388 685 1430 aestivo.
718 1388 906 1428 Nostrum
931 1390 1054 1430 modo
1086 1390 1139 1431 est
1169 1390 1457 1432 observationes
1498 1391 1711 1443 praecipue
1744 1416 1753 1430 ,
1785 1389 1827 1426 &
1852 1402 1951 1441 quae

506 1448 658 1503 patitur
688 1459 793 1485 mare
823 1445 963 1486 referre
981 1477 990 1491 ,
1022 1461 1100 1487 non
1118 1449 1364 1500 conjeeturas
1382 1447 1583 1488 declarare
1600 1476 1609 1489 ,
1639 1447 1680 1483 ὅ(
1699 1443 1950 1498 hypotheseis

508 1499 755 1555 confingere.
786 1503 906 1543 Certe
934 1501 960 1542 si
989 1517 1037 1543 ex
1068 1505 1241 1545 adventu
1260 1507 1456 1557 majorum
1473 1515 1662 1557 aquarum
1696 1514 1765 1554 per
1794 1499 1953 1540 flumina.

507 1575 614 1602 mare
645 1559 771 1599 hieme
794 1557 943 1598 crescat
960 1590 970 1603 ‚
998 1574 1160 1600 corruet
1190 1560 1342 1600 celebre
1360 1590 1369 1605 ,
1400 1562 1443 1600 δε
1471 1559 1632 1613 vulgare
1650 1557 1747 1597 illud
1763 1555 1921 1596 effatum
1941 1585 1950 1600 ‚

507 1615 615 1670 quod
647 1630 753 1655 mare
782 1615 953 1655 adventu
993 1627 1187 1656 novarum
1227 1629 1416 1668 aquarum
1453 1614 1603 1669 semper
1636 1614 1740 1654 idem
1773 1623 1952 1653 maneat.

507 1674 644 1713 Manet
673 1672 833 1724 quidem
863 1669 1012 1724 semper
1044 1672 1148 1711 idem
1186 1672 1312 1712 oculis
1343 1671 1567 1725 vulgarium
1599 1670 1808 1709 hominum
1834 1698 1843 1712 ‚
1875 1682 1955 1708 non

505 1744 601 1770 vero
633 1727 780 1782 semper
812 1728 915 1767 idem
934 1729 1109 1768 manebit
1126 1727 1376 1781 Philosophis
1399 1729 1441 1768 &
1458 1726 1752 1769 Mathematicis
1771 1753 1780 1768 ‚
1813 1727 1880 1778 qui
1897 1738 1954 1764 res

505 1785 681 1826 subtilius
699 1786 742 1823 &
758 1785 974 1824 accuratius
999 1785 1228 1837 expendunt
1243 1809 1251 1817 ·
1282 1782 1526 1822 Cartefianus
1545 1784 1681 1835 aliquis
1698 1781 1955 1837 philosophus

507 1843 596 1883 heic
628 1839 784 1880 fortasse
813 1838 1027 1877 concludat
1044 1838 1163 1879 licet,
1195 1851 1312 1890 aquas
1345 1839 1461 1876 maris
1487 1852 1510 1875 a
1534 1835 1640 1875 disco
1666 1837 1763 1874 Solis
1789 1852 1869 1875 non
1900 1849 1957 1876 at-

508 1897 637 1938 trahi,
671 1905 714 1934 ut
744 1893 993 1934 contendunt
1019 1894 1211 1934 Newtoni
1241 1891 1448 1946 discipuli;
1478 1893 1569 1946 quia
1602 1905 1724 1945 quum
1750 1891 1955 1946 depressius

507 1954 553 1996 fit
584 1966 690 1993 mare
715 1951 820 2006 apud
848 1963 917 1989 nos
949 1950 1108 2004 quando
1136 1951 1201 1989 Sol
1234 1951 1354 2003 magis
1372 1949 1577 1989 &diutius
1614 1948 1754 1988 vertici
1786 1950 1829 1987 &
1856 1950 1955 1988 mari

507 2009 640 2051 nostro
670 2008 865 2048 incumbit
882 2036 891 2050 ,
919 2018 964 2046 ut
995 2008 1141 2047 accidit
1156 2004 1298 2047 aestate
1316 2037 1325 2051 ,
1349 2020 1469 2060 quam
1485 2005 1644 2060 quando
1662 2006 1861 2045 vertici&
1879 2019 1958 2045 ma-

509 2070 542 2109 ri
574 2065 815 2120 populorum
841 2060 1116 2118 hemisphaerii
1146 2062 1341 2104 inferioris
1369 2091 1378 2106 ‚
1410 2074 1453 2103 ut
1483 2063 1609 2116 hieme
1641 2077 1650 2106 ;
1684 2061 1721 2100 id
1759 2059 1843 2101 fieri
1876 2076 1956 2102 non

510 2123 615 2180 poffe
633 2150 643 2166 ,
667 2120 826 2162 affumet
849 2119 1092 2161 Cartefianus
1110 2152 1120 2167 ,
1145 2122 1385 2161 attractione
1413 2120 1583 2174 quadarn
1602 2147 1611 2161 ‚
1644 2132 1765 2171 quum
1797 2130 1956 2158 contra-

510 2184 612 2223 rium
643 2180 851 2231 contingat
879 2206 888 2219 ‚
912 2192 1030 2231 quam
1062 2179 1292 2231 contingere
1323 2178 1508 2218 deberet.
1552 2176 1806 2215 Amr-actione
1837 2176 1956 2229 igitur

511 2236 724 2279 concludet
753 2233 994 2275 Cartelianus
1027 2237 1141 2276 maris
1173 2249 1230 2274 res
1263 2249 1341 2275 non
1358 2245 1548 2289 geruntur
1566 2263 1576 2277 ‚
1608 2231 1669 2271 sed
1698 2229 1861 2286 impulsu
1881 2260 1891 2274 ,
1915 2233 1957 2271 &

512 2290 823 2348 compreffione.
855 2293 929 2332 Cui
953 2303 1134 2332 occurret
1149 2294 1336 2332 Newtoni
1360 2289 1567 2344 discipulus
1585 2317 1594 2331 ‚
1629 2289 1671 2326 &
1700 2302 1777 2326 non
1796 2289 1957 2342 negabit

512 2351 668 2407 quidem
698 2348 841 2389 aestivo
872 2360 1052 2402 tempore
1082 2349 1211 2389 Solem
1227 2350 1350 2403 magis
1368 2349 1410 2387 &
1426 2347 1571 2386 diutius
1590 2376 1598 2390 ‚
1628 2346 1670 2383 &
1686 2346 1733 2384 ad
1754 2345 1958 2399 perpendi-

510 2408 643 2449 culum
673 2405 750 2446 fere
783 2407 1093 2447 vertici&mari
1113 2405 1244 2446 nostro
1276 2405 1526 2447 incumbere;
1560 2416 1694 2442 verum
1726 2416 1848 2455 quum
1881 2401 1957 2440 hoe

513 2476 691 2521 tempore
720 2462 784 2504 Sol
810 2460 855 2503 fit
886 2463 925 2502 in
956 2477 1163 2519 apogaeo,
1194 2461 1258 2504 seu
1284 2477 1306 2502 a
1333 2462 1442 2502 nobis
1475 2460 1667 2500 remotior
1687 2489 1697 2504 ‚
1729 2458 1783 2498 nil
1815 2459 1959 2497 mirum

598 2525 602 2529 ⁴
1811 2514 1959 2567 inquiet
