2180 2905
168 722 270 760 guum

276 714 349 754 nv‘m
371 720 486 757 lstffzfae

281 760 416 810 Asnaus·

529 251 575 278 10
958 237 1054 277 DE
1112 236 1522 276 CONCHIS

578 321 628 359 ΙΙ.
663 320 752 360 Hoc
782 319 952 360 Testacei
981 334 1098 374 genus
1132 319 1392 373 petrefacffium
1426 323 1469 360 ὃς
1502 319 1649 365 foffile,
1685 334 1729 364 ut
1752 338 1800 365 ex
1818 323 1949 367 iisdem

520 376 819 417 Bononiensibus
835 377 1136 417 Commentariis
1162 388 1326 431 apparet
1342 406 1351 419 ‚
1382 378 1559 417 abundat
1574 380 1613 418 in
1630 382 1810 421 omnibus
1841 396 1952 422 mon-

523 434 623 474 tibus
640 436 746 473 circa
777 435 1096 481 Bononiam(a).
1132 435 1187 473 At
1217 434 1392 473 abundat
1419 435 1537 473 etiam
1561 435 1599 474 in
1629 439 1825 479 montibus
1844 440 1952 478 circa

522 492 745 530 Ariminum
764 521 774 535 ‚
802 492 926 529 immo
943 491 981 528 in
999 500 1102 529 terra
1122 488 1282 529 arenosa
1310 489 1510 542 cujusdam
1538 494 1685 531 montis
1701 494 1923 548 Covignani
1939 522 1951 538 ‚

522 548 589 600 qui
616 561 725 586 mons
758 545 923 586 secundo
956 544 1016 583 vel
1048 547 1170 585 tertio
1203 545 1333 601 lapide
1361 548 1516 586 circiter
1554 563 1575 587 a
1606 549 1707 588 Mari
1724 548 1953 590 Ariminenfi

523 602 638 642 distat
655 631 664 645 ‚
697 614 806 641 tanta
837 600 889 640 est
917 602 973 641 vis
989 600 1101 654 hujus
1132 601 1316 656 lapideae
1343 601 1467 648 Iestae
1485 631 1494 648 2
1524 614 1567 642 ut
1592 605 1629 649 in
1662 602 1813 659 lingulis
1827 607 1953 646 unciis

521 659 1187 712 miQQQ-tgffipemnin,
1219 670 1265 699 ut
1295 659 1954 714 QQffledas-numfflm-ffla-

521 728 633 755 mm,
664 714 1659 776 qUQQQQQQ
1684 703 1809 767 ἕω).
1842 719 1954 757 Prae-

520 782 625 810 terea
652 784 690 809 in
709 783 823 809 unlca
851 773 968 810 uncia
998 771 1110 823 hujus
1144 770 1293 812 nostrae
1311 775 1463 812 Arenae
1493 775 1707 826 quingenta
1738 774 1813 814 alia
1844 775 1959 814 mini-

520 841 584 866 ma
601 825 764 866 testacea
793 840 964 879 corpora
995 827 1051 865 his
1080 825 1210 866 affinia
1235 839 1470 873 cernuntur,
1501 844 1600 882 quae
1631 828 1872 882 sequentibus
1890 829 1958 869 suo

518 882 611 921 loco
653 883 910 922 notabimus.
944 884 1009 921 An
1040 882 1111 922 hae
1143 881 1276 922 Testae
1315 897 1362 922 ex
1396 883 1599 923 universali
1630 884 1880 937 Cataclysmo
1916 886 1959 923 in

518 937 696 978 stratibus
724 938 944 978 nostrorum
970 940 1166 978 montium
1196 939 1356 979 relicstae
1387 938 1530 979 fuerint
1558 967 1568 982 ,
1600 951 1644 978 ut
1662 939 1958 981 Woodwardus

519 995 754 1037 contendit,
785 995 826 1033 &
843 996 1091 1034 communior
1117 993 1191 1034 fert
1221 997 1385 1049 opinio;
1417 1010 1466 1034 an
1498 1009 1592 1036 vero
1621 997 1770 1035 marina
1786 1010 1960 1049 corpora,

518 1048 618 1094 sint,
655 1064 755 1102 quae
785 1049 957 1091 nostrum
989 1049 1112 1104 ipsum
1143 1052 1331 1106 Superum
1361 1052 1470 1091 Mare
1502 1052 1542 1090 in
1568 1050 1699 1091 iisdem
1729 1048 1986 1106 reliquerit(

520 1108 623 1158 quod
659 1104 758 1160 ipsos
791 1109 961 1147 monteis
993 1118 1078 1146 tum
1107 1106 1300 1149 allueret,
1333 1105 1538 1160 senfirnque
1563 1109 1612 1146 ab
1637 1107 1710 1147 illis
1738 1108 1958 1152 recesserit,

519 1174 565 1201 ut
595 1163 643 1201 ab
676 1162 780 1202 Vrbe
805 1162 932 1203 nostra
960 1160 1111 1203 receffit
1141 1164 1298 1216 quidem
1317 1193 1326 1207 ‚
1360 1163 1400 1202 id
1431 1163 1602 1202 viderint
1631 1163 1888 1217 Philosophi,
1916 1165 1960 1203 &

521 1217 791 1269 Cbronologi.
821 1218 1009 1258 Nostrum
1024 1218 1111 1257 heic
1128 1233 1208 1258 non
1237 1218 1290 1259 est
1319 1219 1368 1259 de
1396 1219 1468 1259 hac
1499 1233 1540 1258 re
1571 1217 1791 1271 disputare.
1824 1220 1886 1258 De
1903 1233 1959 1258 re-

521 1273 617 1314 ceffu
636 1288 728 1313 vero
746 1273 865 1312 Maris
897 1276 945 1315 ab
973 1274 1069 1313 urbe
1088 1275 1272 1313 Arimino
1305 1302 1314 1317 ,
1346 1274 1475 1328 aliqua
1507 1273 1681 1328 sequenti
1705 1275 1809 1315 libro
1838 1275 1959 1315 attin·-

524 1345 612 1384 gam
628 1358 638 1373 ‚
670 1331 737 1370 ubi
752 1330 798 1370 de
815 1333 968 1371 ratione
986 1330 1108 1372 fluxus
1127 1358 1136 1373 ‚
1168 1331 1210 1369 δε
1226 1328 1393 1371 refluxus
1413 1358 1421 1367 .

531 1442 1943 1471 QQQQQQQQQQQQQQQQQQ

917 1535 1356 1597 CAPVT
1429 1537 1572 1594 III.

523 1665 707 1704 Connv
733 1665 1023 1705 HAMMONIS
1054 1670 1310 1707 Lmronrs
1343 1669 1712 1708 Anrmmnnsrs
1741 1665 1927 1712 MINVS}

611 1733 1294 1763 VVLGARE‚0RBICVLATVM‚
1326 1733 1591 1760 STRIATVM
1616 1752 1626 1766 ‚
1657 1737 1932 1764 VMBILICO

609 1786 972 1820 PROMINENTE,
1012 1789 1066 1815 ex
1109 1789 1210 1821 Qvo
1259 1788 1443 1814 STRIAE
1491 1788 1547 1814 ET
1593 1791 1933 1820 ιοενιΑΜεΝ-

616 1847 673 1872 TA
710 1844 876 1872 OMNIA
914 1844 1224 1872 Paonnvn‘r.

524 1951 553 1989 1.
703 1948 776 1986 OC
809 1948 946 1987 Cornu
983 1947 1214 1987 Hammonis
1255 1959 1372 1999 genus
1411 1945 1555 1985 littoris
1593 1946 1842 1987 Ariminenfis
1887 1951 1961 1990 mi-

717 2019 785 2044 nus
816 2003 976 2057 vulgare
1005 2003 1203 2058 appellavi
1229 2029 1239 2045 ‚
1271 2003 1378 2056 quod
1416 2003 1537 2042 rarius
1568 2002 1606 2040 in
1637 2003 1862 2044 Sedimento
1892 2019 1962 2046 no-

523 2062 601 2103 stro
633 2064 850 2117 reperiatur
868 2089 878 2104 ,
903 2061 946 2099 &
974 2062 1151 2100 omnium
1181 2061 1293 2111 hujus
1318 2060 1466 2112 generis
1492 2056 1767 2098 Testaceorum
1798 2058 1843 2099 fit
1875 2060 1961 2100 lon-

524 2134 571 2173 ge
602 2119 934 2172 pulcherrimum·
964 2118 1122 2157 Raritas
1141 2127 1271 2155 tamen
1286 2129 1364 2154 non
1379 2114 1432 2155 est
1446 2114 1592 2155 summa
1610 2143 1620 2157 ‚
1649 2129 1771 2168 quum
1800 2127 1960 2158 centum

529 2177 694 2230 triginta
730 2176 773 2214 &
804 2173 909 2213 ultra
938 2188 988 2214 ex
1018 2173 1091 2213 illis
1119 2171 1181 2213 sex
1209 2173 1332 2211 unciis
1365 2172 1577 2213 Sedimenti
1608 2171 1768 2225 legerim
1792 2203 1801 2211 .
1832 2176 1890 2213 At
1920 2177 1960 2214 in

526 2231 611 2271 aliis
641 2231 866 2271 Sedimentis
897 2232 1012 2270 maris
1029 2228 1172 2271 nostri,
1190 2231 1232 2269 &
1264 2227 1376 2269 inferi
1393 2259 1404 2274 ,
1431 2243 1477 2268 ne
1508 2242 1628 2268 unum
1656 2229 1813 2281 quidem
1829 2244 1961 2272 cerne-

523 2302 563 2327 re
581 2289 698 2328 licuit
714 2318 722 2326 .
753 2285 1064 2327 Pulcherrimum
1077 2285 1129 2326 est
1144 2296 1306 2340 propter
1322 2283 1486 2340 figuram
1502 2285 1617 2338 plane
1644 2286 1857 2326 rotundam
1872 2318 1882 2332 ‚
1914 2290 1958 2328 &

525 2355 692 2399 propter
721 2339 974 2384 subtiliffimas
1006 2341 1295 2386 intersecstiones
1322 2370 1333 2386 ‚
1363 2356 1462 2397 quae
1490 2341 1643 2381 striatae
1671 2341 1959 2397 aliquantulum

1844 2399 1958 2449 sunt,

569 2472 622 2500 (a)
643 2469 712 2498 Ibid.
724 2471 752 2498 in
765 2471 836 2498 Com.
851 2471 939 2500 Acad.
953 2471 1037 2506 Instit.
1928 2504 1934 2509 .

570 2503 625 2535 (b)
647 2504 716 2543 Pag.
741 2512 771 2542 69
776 2526 891 2533 .....
910 2508 939 2533 in
959 2509 1067 2534 Arenae
1084 2505 1167 2532 unciis
1182 2504 1241 2544 'nen
1256 2505 1370 2541 amplius
1388 2505 1458 2532 binis
1469 2528 1477 2539 ,
1497 2514 1620 2542 quantum
1642 2505 1783 2534 Bacurius
1804 2506 1857 2542 lpse
1875 2506 1959 2542 conji-

667 2548 702 2565 ctt
715 2561 723 2571 ,
736 2540 818 2575 supra
832 2540 905 2568 mille
926 2540 952 2570 ἃ
963 2541 1102 2578 quingenta
1109 2548 1241 2576 potuennt
1250 2540 1380 2569 numerari
1390 2560 1398 2567 .
