2145 2910
575 220 618 262 M
648 219 668 261 I
697 217 738 261 N
767 219 804 262 'V
835 219 857 261 S
915 220 957 261 N
986 218 1024 259 O
1054 217 1089 262 '1'
1119 220 1138 260 I
1170 221 1191 261 S
1550 235 1595 268 17

570 377 1029 439 CAPVT
1117 374 1195 432 X.

199 481 538 520 Vnnmcvrvs
580 490 724 518 sAx1s
778 489 827 516 ET
867 489 1045 518 rioms
1085 488 1407 521 ADHAERENS‚
1443 477 1569 517 Con-

260 548 323 574 nv
363 534 660 574 HAMMONIS
702 547 973 575 REFERENs,

172 630 202 668 I.
234 630 536 717 Hchsque
551 646 641 672 vera
656 632 816 672 Cornua
839 629 1068 670 Hammonis
1098 626 1359 684 descripsimus
1377 658 1388 672 ,
1417 626 1480 668 vel
1509 641 1600 666 cor·

368 701 467 741 pora
493 716 503 731 ,
541 701 640 742 quae
670 697 833 742 propter
862 697 1064 727 externam
1096 687 1338 725 internamve
1369 682 1600 724 structuram

176 743 220 781 iis
254 744 340 785 sunt
375 744 589 785 admodum
619 742 748 785 affinia
775 759 785 786 ;
824 757 927 782 nunc
961 742 1038 782 alia
1066 742 1322 794 adjungemus
1356 768 1365 782 ‚
1408 754 1507 793 quae
1535 753 1602 779 ex—

173 796 344 840 strinsece
374 801 532 853 quidem
560 801 697 839 Cornu
729 799 962 838 Hammonis
990 796 1283 850 repraesentant
1301 824 1310 837 ‚
1343 795 1403 835 sed
1433 808 1601 835 revera-2

174 866 254 892 non
270 855 381 897 sunt5
406 869 526 908 quum
541 854 750 893 extrinsece
767 855 807 892 in
824 853 966 908 plureis
994 853 1149 891 cellulas
1172 883 1182 896 ‚
1212 851 1317 905 quod
1336 851 1534 906 peculiare
1552 849 1604 892 est·

172 911 422 948 isiCornibus
454 910 685 948 Hammonis
703 937 713 952 ‚
740 923 819 948 non
851 908 1102 952 dividantur,
1132 907 1346 960 cujusmodi
1379 906 1431 947 est
1447 907 1603 946 Vermi-

172 964 281 1003 culus
300 962 388 1005 iste,
423 966 490 1016 qui
508 963 727 1017 frequenter
743 964 856 1015 lignis
886 964 929 1002 &
958 962 1053 1004 saxis
1078 964 1226 1003 littoris
1254 962 1370 1003 nostri
1384 962 1600 1003 ,adhaerens

171 1021 367 1073 reperitur
383 1049 393 1064 ,
419 1020 561 1072 quique
591 1018 729 1071 Figura
746 1020 855 1059 VIII.
884 1018 981 1059 Tab.
999 1020 1028 1057 Ι.
1046 1018 1130 1059 satis
1159 1031 1250 1072 apte
1280 1018 1354 1059 fuit:
1385 1017 1575 1071 expressus
1594 1047 1603 1056 ,

172 1074 288 1115 Hunc
306 1077 421 1119 enim,
438 1073 463 1114 si
480 1086 681 1114 externam
698 1086 851 1114 tanturn
868 1074 1005 1115 faciem
1021 1074 1237 1128 conspicias
1257 1104 1265 1118 ‚
1283 1089 1421 1129 purum
1441 1085 1604 1128 pntum-

173 1145 249 1184 que
267 1132 406 1170 Cornu
423 1130 653 1169 Hammonis
684 1130 857 1184 appellas
883 1159 892 1174 ‚
923 1142 963 1170 at
993 1129 1018 1170 fi
1050 1132 1244 1171 internam
1267 1131 1496 1169 structuram
1515 1143 1604 1181 per-

172 1187 344 1239 pendas,
368 1184 597 1225 sententiam
628 1198 754 1227 mutas
787 1214 794 1222 .
823 1186 1038 1227 Extrinsece
1066 1187 1224 1238 quidem
1258 1183 1452 1223 tortuosus
1480 1183 1530 1222 est
1562 1185 1605 1223 δε

171 1242 322 1280 striatus
341 1271 350 1285 ,
376 1251 420 1279 ut
434 1243 594 1280 Cornua
625 1241 856 1281 Hammonis
886 1244 1046 1284 omnia;
1077 1238 1279 1279 intrinsece
1297 1254 1392 1279 vero
1417 1254 1465 1279 ex
1489 1241 1606 1280 unica

170 1307 324 1337 tantum
342 1295 469 1350 spirali
488 1310 654 1337 caverna
670 1296 722 1337 est
737 1297 1007 1337 conformatus
1026 1325 1035 1339 ,
1065 1309 1109 1337 ut
1127 1297 1174 1339 ad
1192 1295 1381 1349 vulgareis
1399 1296 1604 1340 Cochleas,

172 1355 214 1394 ὃ(
233 1352 472 1393 Vermiculos
499 1352 712 1393 referatur·
747 1355 932 1395 Minimus
962 1352 1014 1392 est
1042 1352 1106 1392 ille
1121 1354 1185 1405 qui
1203 1352 1322 1407 vulgo
1355 1353 1393 1393 in
1420 1351 1611 1393 sedimen-

174 1421 218 1449 to
236 1408 366 1449 nostro
385 1411 575 1464 reperitur
592 1437 601 1451 ‚
634 1408 693 1450 sed
711 1411 759 1449 ad
775 1408 862 1449 saxa
886 1411 928 1449 ὃς
958 1410 1005 1449 ad
1039 1409 1143 1463 ligna
1160 1409 1369 1448 adhaerens
1397 1411 1474 1461 ejus
1493 1407 1608 1449 molis

169 1465 224 1504 est
248 1467 288 1504 δε
306 1467 462 1517 majoris
482 1496 490 1509 ‚
509 1480 554 1505 ac
570 1466 625 1505 illi
651 1467 745 1519 qui,
784 1465 926 1506 litteris
957 1467 999 1505 M
1029 1467 1071 1504 &
1103 1467 1142 1505 Ν
1172 1465 1307 1505 eadem
1325 1462 1450 1519 figura
1468 1475 1609 1504 notan-

170 1532 235 1561 tur
253 1551 261 1560 .
292 1524 421 1561 immo
438 1520 552 1561 hosce
569 1522 816 1565 Vermiculos
831 1522 902 1562 effe
918 1521 1085 1575 ejusdem
1098 1523 1248 1576 generis
1275 1522 1447 1562 arbitror
1460 1549 1470 1564 ‚
1502 1535 1546 1561 ac
1578 1522 1606 1560 ii

172 1579 240 1630 qui
256 1577 302 1617 ad
323 1578 551 1632 pollicarem
567 1576 776 1620 crassitiem
804 1575 1029 1619 excrescunt
1045 1607 1054 1620 ‚
1087 1580 1232 1632 quique
1248 1592 1366 1632 quum
1384 1576 1607 1632 serpentum

173 1634 213 1671 in
245 1648 394 1674 rnorem
423 1632 496 1676 fint
527 1635 735 1674 convoluti
763 1650 837 1690 pro
868 1635 1106 1688 serpentibus
1135 1633 1355 1687 petrefadtis
1388 1646 1607 1674 marmorea

172 1686 359 1741 serpentis
378 1689 473 1728 facie
490 1687 619 1728 affidia
635 1691 684 1727 ab
700 1689 980 1743 Impostoribus
995 1688 1320 1727 circumferuntur
1337 1719 1344 1726 .

1676 1710 1692 1727 η

232 1745 283 1782 11-
315 1745 487 1781 Navium
511 1743 742 1783 Teredinem
757 1771 767 1785 ,
793 1757 892 1794 quae
921 1743 1088 1795 ipsarum
1125 1742 1177 1781 est
1192 1742 1304 1795 pestis
1334 1745 1376 1783 &
1405 1742 1605 1798 lignorum
1620 1751 1745 1790 ‘zell—²³3

175 1800 354 1836 omnium
370 1826 381 1840 ‚
397 1811 494 1848 quae
510 1798 557 1835 ad
575 1799 745 1835 marinos
763 1797 901 1836 fluetus
917 1796 1218 1850 compescendos
1235 1798 1473 1844 adhibemus,
1488 1815 1606 1853 quarn
1642 1783 1788 1834 ἶὲΐὲἶ

175 1854 357 1892 Brumam
373 1861 493 1891 vocat
516 1848 766 1890 Vallisnerius
783 1881 794 1896 ‚
818 1852 867 1891 de
894 1866 971 1907 qua
1003 1863 1066 1891 tot
1097 1866 1269 1892 rumores
1302 1855 1607 1907 percrebuerant

175 1907 434 1962 superioribus
462 1907 570 1946 annis
602 1907 640 1945 in
673 1907 831 1948 Batavia
861 1919 1028 1963 propter
1058 1907 1208 1962 ligneos
1236 1923 1397 1964 aggeres
1414 1909 1519 1951 illeic
1537 1925 1605 1951 ex-

176 1963 284 2005 esos,
314 1977 430 2017 genus
446 1963 584 2003 itidem
597 1962 707 2015 hujus
738 1965 941 2005 vermiculi
971 1964 1042 2005 effe
1072 1966 1266 2006 arbitror.
1296 1968 1403 2007 Nam
1433 1965 1610 2007 fivermi-

179 2019 287 2059 culus
305 2019 352 2058 ad
371 2017 457 2060 saxa
474 2047 484 2062 ‚
515 2020 557 2058 ὅ(
575 2019 622 2060 ad
639 2020 744 2071 ligna
769 2021 927 2061 duriora
956 2019 1201 2061 adhaerescat
1216 2053 1227 2067 ‚
1258 2023 1510 2063 convolvitur
1526 2026 1608 2078 qui-

180 2075 269 2115 dem
286 2089 329 2115 ac
346 2075 581 2129 deprimitur
596 2106 605 2119 ,
638 2078 696 2115 nti
728 2078 767 2116 in
796 2074 929 2131 figuris
950 2077 1086 2118 nostris
1109 2080 1282 2119 cernitur
1299 2107 1307 2114 ·
1340 2081 1375 2119 Si
1391 2094 1484 2119 vero
1501 2080 1606 2134 ligna

180 2131 363 2171 molliora
379 2133 638 2172 momorderit
652 2159 662 2174 ‚
688 2146 809 2186 eaque
838 2136 1051 2188 penetrarit
1067 2162 1077 2176 ‚
1105 2134 1282 2174 canalem
1314 2134 1520 2176 testaceum
1537 2137 1610 2175 ob·-

182 2186 344 2241 longum
360 2186 426 2228 fibi
444 2187 610 2229 fabricat
627 2219 637 2233 ‚
668 2190 734 2242 qui
750 2187 776 2228 fi
791 2203 921 2230 recens
938 2189 981 2230 sit
997 2221 1006 2236 ,
1031 2202 1077 2231 ut
1105 2193 1143 2231 in
1159 2192 1321 2232 navibus
1339 2222 1348 2236 ‚
1380 2193 1520 2232 Bruma
1536 2220 1545 2234 ‚
1563 2192 1606 2230 ὃς

182 2242 333 2285 Teredo
348 2246 497 2284 marina
514 2256 786 2298 nuncupatur3
816 2247 851 2286 Si
867 2261 959 2288 vero
989 2248 1055 2287 diu
1081 2257 1236 2289 maneat
1251 2277 1262 2291 ‚
1293 2258 1338 2288 ut
1352 2250 1390 2287 in
1407 2248 1517 2302 lignis
1534 2262 1605 2302 pu-

182 2300 293 2338 tridis
319 2302 358 2339 in
389 2299 509 2341 fundo
527 2303 642 2340 maris
660 2303 888 2355 degentibus
904 2305 1050 2344 accidit
1066 2335 1076 2350 ,
1109 2306 1148 2344 in
1165 2319 1337 2345 vermem
1354 2307 1537 2360 ampliori
1555 2317 1607 2345 te·

183 2352 453 2415 sia&duriori
469 2355 634 2398 facessit.
664 2358 877 2399 Observavi
909 2361 1012 2401 enim
1043 2363 1082 2401 in
1110 2361 1249 2401 tabulis
1280 2362 1436 2402 navium
1454 2392 1464 2405 ‚
1493 2363 1535 2400 &
1564 2364 1603 2402 in

185 2408 294 2463 lignis
315 2410 418 2453 nulla
447 2428 487 2455 re
515 2413 697 2458 testaceos
727 2416 962 2466 canaliculos
994 2419 1222 2459 Brumarum
1264 2419 1308 2458 ὃς
1332 2418 1529 2458 Vermium
1551 2419 1609 2458 in-

968 2475 1003 2513 C
1540 2487 1601 2515 ter

1788 1726 1842 1779 ff-
1852 1718 1916 1776 „rii
1921 1744 1956 1800 st
1967 1735 2015 1782 -42
2019 1708 2083 1769 af?

1779 1777 2007 1830 [fmu-
