2145 2910
518 209 574 245 40
927 201 1585 246 DECONCHIS

509 297 586 337 que
611 285 843 342 contingere
867 284 1071 328 observavi
1091 296 1177 328 tum
1204 288 1388 342 inprima
1413 287 1477 328 illa
1495 313 1507 330 ‚
1533 299 1632 340 quae
1649 285 1848 340 longiores
1878 288 1945 330 ha-

512 340 581 380 bet
603 341 734 382 radios
751 370 761 386 ‚
792 353 877 383 tum
895 344 934 382 in
951 344 1066 382 tertia
1081 341 1218 383 latiori
1232 357 1403 398 corpore
1418 373 1430 389 ‚
1462 342 1526 383 sed
1543 343 1785 383 brevioribus
1821 347 1944 384 cruri-

512 397 583 437 bus
600 425 608 433 ·
639 399 757 438 Circa
785 397 997 439 secundam
1015 397 1304 440 Cruciformem
1320 427 1332 442 ‚
1363 412 1464 454 quae
1493 398 1579 439 heic
1598 397 1812 439 sublittera
1822 401 1861 440 Β.
1879 414 1943 441 ex-

513 451 668 494 hibetur
683 482 695 497 ,
724 457 890 506 majores
908 453 1196 495 observationes
1224 469 1305 495 non
1320 456 1447 497 habeo
1461 485 1472 502 ‚
1503 469 1624 509 quum
1641 454 1754 508 hujus
1783 457 1944 496 unicum

515 519 672 550 tantum
704 508 931 562 exemplum
952 510 1119 550 viderim
1131 539 1142 554 ‚
1157 511 1325 566 proinde
1339 511 1500 567 aliquod
1517 512 1741 553 abortivum
1758 513 1945 558 arbitror,

512 567 552 604 ni
581 566 694 618 plura
723 562 948 617 hujusmodi
978 566 1161 621 exempla
1186 569 1298 608 nobis
1323 568 1506 623 deinceps
1537 577 1774 610 occurrant·
1805 566 1944 608 Stellae

510 621 667 674 quidem
682 619 946 661 Cruciformes
974 636 1066 663 eum
1096 624 1339 677 longioribus
1363 625 1541 665 cruribus
1565 638 1587 665 a
1613 625 1766 665 nemine
1806 621 1944 663 descri-

510 677 655 716 buntur
672 691 682 720 ;
699 676 978 718 Describuntur
994 693 1091 720 vero
1113 679 1215 721 latae
1231 708 1241 723 ‚
1274 680 1514 734 falcataeque
1531 708 1541 724 ‚
1570 680 1614 721 &
1628 681 1829 721 coriaceae
1847 679 1944 719 Stel.-

510 732 569 773 lae
583 763 594 780 ,
621 747 715 786 quas
730 732 974 775 Tetracstidas
998 745 1148 775 vocant
1161 766 1171 782 ‚
1196 739 1383 790 quoniam
1399 735 1598 777 interdum
1612 736 1824 790 quadratae
1841 733 1941 777 sunt,

510 801 555 829 ut
589 790 720 829 videre
749 788 802 828 est
830 790 937 843 apud
967 791 1181 830 Linckium
1199 791 1296 831 Tab.
1327 793 1468 833 XXXI.
1493 793 1536 830 &
1562 792 1766 832 XXXIIII.
1791 790 1863 831 Sed
1878 789 1944 829 ha-

511 860 598 886 rum
613 844 886 886 Tetradiidum
919 844 1126 886 Stellarum
1153 847 1336 902 exempla
1365 846 1470 900 apud
1499 859 1569 886 nos
1595 858 1674 886 non
1704 844 1938 901 suppetunt.

509 902 556 941 ln
588 901 722 942 littore
738 902 952 942 Ravennae
982 913 1115 942 tamen
1129 904 1344 943 Coriaceae
1375 901 1514 942 Stellae
1537 898 1786 955 Pentagonae
1810 899 1941 940 &Te-

511 958 696 1003 tradkides
727 959 904 998 coccinei
931 958 1072 998 coloris
1088 960 1355 1014 reperiuntur,
1383 971 1550 1012 quarum
1567 958 1747 1012 exempla
1779 970 1854 1010 pro
1877 954 1941 999 sua

509 1014 752 1057 humanitate
777 1013 826 1055 ad
847 1028 911 1057 me
944 1012 1046 1058 misit
1069 1015 1140 1056 Vir
1159 1013 1412 1074 nobilissimus
1442 1011 1630 1070 Josephus
1648 1014 1879 1058 Zinannius-⁹

513 1059 883 1153 &f‘ffssfi'fl‘ffl‘
909 1093 1076 1133 Ἰμχμ
1103 1071 1281 1133 uffa»-
1326 1075 1600 1153 affl-Pom·
1621 1069 1732 1118 ,κμγ’-

1811 2470 1946 2513 PARS
