2180 2905
530 914 532 916 ¹
583 921 758 961 Nvisenti
776 922 872 961 mihi
890 917 1164 975 saepenumero
1181 921 1439 975 superioribus
1471 924 1698 973 annis'mare

595 979 827 1030 portumque
848 979 1015 1022 Arimini
1033 989 1114 1020 ‚’··ut
1130 978 1233 1017 statis
1258 974 1712 1035 temporibus-rationes-

593 1029 725 1072 Aestus
744 1034 882 1072 marini
899 1032 1170 1085 cognoscerem
1190 1062 1199 1075 ‚
1217 1036 1259 1073 δεῖ
1274 1048 1362 1074 cum
1377 1035 1472 1074 Solis
1491 1032 1698 1087 Lunaeque

294 1118 299 1123 .
444 1098 474 1123 'a
519 1087 541 1123 :7⁸
589 1089 759 1128 motibus
775 1102 1052 1142 componerem
1071 1118 1080 1131 ‚
1109 1102 1227 1144 atque
1245 1088 1432 1130 subcifivis
1450 1091 1555 1130 horis
1573 1102 1699 1130 totam

264 1153 374 1178 oram
393 1146 631 1182 maritimam
653 1144 896 1196 perlustranti
926 1143 1158 1198 frequenter,
1186 1156 1228 1185 ut
1257 1146 1412 1185 laxandi
1436 1149 1554 1184 animi
1572 1149 1698 1198 gratia

266 1195 449 1235 Conchas
468 1199 588 1236 varias
606 1199 896 1252 Vmbilicosque
913 1203 1082 1240 marinos
1098 1201 1391 1252 contemplarer
1407 1228 1416 1242 ‚
1442 1200 1669 1252 colligerem
1688 1233 1696 1245 ‚

265 1263 469 1304 meumque
485 1254 522 1291 in
541 1252 780 1292 Musaeolum
798 1255 1036 1308 asportarem
1054 1283 1063 1295 ‚
1094 1255 1240 1294 accidit
1256 1254 1341 1295 sane
1358 1266 1403 1295 ut
1420 1258 1585 1308 majores
1603 1272 1698 1310 pro-

263 1306 402 1359 gressus
418 1306 520 1348 hisce
537 1311 574 1348 in
592 1310 702 1348 rebus
723 1308 885 1348 facerem
903 1338 912 1351 ,
945 1325 1036 1363 quas
1066 1308 1234 1351 secundo
1252 1312 1342 1351 loco
1360 1341 1369 1355 ‚
1398 1313 1441 1351 &
1472 1312 1697 1353 oblectandi

267 1372 420 1402 tantum
436 1365 555 1404 animi
573 1363 696 1404 cauffa
727 1364 1007 1418 conquisieram
1024 1397 1035 1412 ‚
1062 1381 1179 1420 quam
1196 1382 1240 1407 ea
1259 1369 1297 1406 in
1313 1382 1353 1406 re
1369 1395 1379 1410 ‚
1412 1383 1526 1422 quam
1540 1371 1669 1422 primo
1683 1400 1692 1413 ‚

264 1416 383 1472 longa
402 1421 657 1461 meditatione
674 1451 683 1465 ‚
700 1420 824 1462 studio
841 1449 850 1464 ‚
871 1422 1002 1462 labore
1015 1453 1025 1468 ,
1061 1436 1177 1478 atque
1196 1423 1395 1464 interdum
1429 1427 1621 1479 perpetuis
1641 1429 1695 1466 vi«

215 1505 218 1507 Α
263 1473 364 1526 giliis
391 1476 458 1515 diu
488 1479 685 1531 noctuque
709 1492 977 1519 concoxeram
1007 1510 1014 1517 .
1044 1481 1131 1520 Nec
1164 1482 1304 1520 mirum
1325 1480 1530 1534 profec‘tm
1558 1481 1692 1522 Aestus

263 1532 366 1569 enim
387 1535 599 1573 maritimus
616 1565 625 1578 ,
642 1547 806 1588 propter
823 1537 1037 1576 innumeras
1068 1551 1113 1576 ac
1130 1534 1237 1576 fimul
1256 1551 1353 1591 pene
1368 1537 1540 1577 dixerim
1559 1538 1692 1578 incon-

265 1584 502 1628 stantissimas
520 1604 647 1630 rerum
664 1590 805 1630 caussas
822 1590 930 1631 torfit
945 1590 1091 1646 semper
1108 1621 1118 1635 ‚
1138 1607 1184 1632 ac
1202 1594 1405 1646 torquebit
1422 1622 1431 1637 ‚
1466 1605 1507 1632 ut
1524 1596 1668 1648 opinor
1684 1623 1693 1637 ‚

264 1641 587 1697 philosophorum
607 1647 809 1686 hominum
829 1650 994 1701 ingenia.
1013 1650 1147 1700 Qare
1165 1651 1294 1700 primo
1311 1651 1353 1688 &
1370 1649 1602 1689 luculentius
1619 1651 1690 1689 his-

260 1711 307 1736 ce
335 1702 382 1738 de
398 1702 509 1740 rebus
528 1716 639 1752 agam
659 1717 667 1743 ;
694 1703 832 1740 deinde
849 1703 950 1754 quali
969 1704 1192 1756 appendicis
1212 1703 1302 1742 lo'co
1321 1703 1478 1742 Aestum
1497 1707 1690 1744 marinum

261 1766 457 1805 exponam
474 1782 480 1788 .
516 1755 559 1792 Id
580 1756 683 1794 videt
698 1755 857 1806 quisque
890 1758 964 1795 hoc
981 1756 1171 1809 postulare
1187 1768 1230 1795 ut
1248 1756 1388 1797 faciam
1407 1786 1417 1800 ,
1450 1770 1531 1798 tum
1562 1775 1692 1800 rerum

260 1807 611 1857 pulcherrimarum
644 1811 802 1859 copiam
820 1838 830 1852 ‚
855 1824 976 1861 quum
1007 1812 1205 1862 praeclara
1222 1825 1379 1851 inventa
1397 1841 1404 1848 .
1438 1816 1614 1866 Dignitas
1638 1815 1691 1855 sa-

261 1875 308 1899 ne
326 1860 510 1913 poscebat:
527 1892 535 1905 ‚
563 1873 605 1901 ut
633 1862 681 1902 de
714 1861 783 1901 illo
814 1866 918 1916 prius
950 1879 1104 1917 agerem
1123 1880 1132 1908 ;
1162 1877 1203 1904 at
1221 1867 1318 1905 vicit
1335 1870 1390 1907 rei
1407 1870 1557 1908 ubertas
1573 1883 1691 1924 atque

262 1918 424 1956 raritas.
458 1919 710 1972 Quamquam
728 1919 769 1956 δε
789 1917 851 1959 sua
882 1921 1075 1974 dignitate
1104 1936 1181 1961 non
1214 1933 1350 1962 carent
1379 1926 1549 1964 marinae
1582 1929 1688 1966 Con-

264 1973 358 2012 chae
377 2001 386 2015 ,
416 1988 534 2027 quum
569 1977 610 2014 &
629 1975 820 2027 elegantia
837 1977 878 2014 ἃ
897 1976 1103 2030 praestanti
1133 1976 1197 2017 usu
1229 1980 1267 2017 in
1299 1977 1351 2017 sui
1383 1980 1685 2023 admirationem

260 2027 424 2068 summos
458 2033 558 2070 viros
580 2028 726 2084 semper
756 2032 798 2069 &
825 2032 966 2085 ubique
994 2035 1210 2077 traxerint,
1236 2047 1280 2074 ut
1312 2034 1402 2074 teste
1431 2036 1563 2076 Tullio
1596 2039 1689 2079 Lae-

265 2083 333 2123 lius
352 2084 425 2139 ipse
439 2088 480 2125 &
498 2088 630 2139 Scipio
648 2114 656 2128 ‚
690 2088 878 2139 praeclari
895 2088 950 2128 illi
969 2090 1048 2129 duo
1068 2088 1269 2130 Romanae
1289 2093 1526 2145 reipublicae
1558 2092 1684 2149 Impe-

263 2151 420 2185 ratores,
436 2143 485 2181 ad
507 2144 718 2182 Lucrinum
735 2144 776 2180 ὃ(
792 2144 971 2195 Cajetam
996 2146 1192 2185 'relaxandi
1209 2149 1329 2186 animi
1348 2151 1476 2200 gratia
1501 2151 1534 2187 C
1548 2153 1681 2190 melias
1708 2139 1727 2165 υ

262 2197 304 2234 &
320 2197 530 2237 Vmbilicos
547 2199 673 2252 legere
688 2198 964 2240 consueviffent
980 2233 988 2240 .
1021 2201 1255 2254 Qiniinzno
1276 2214 1418 2244 veteres
1444 2203 1709 2258 Philosophia,

264 2252 568 2308 excellentesque
599 2268 756 2295 naturae
774 2254 1004 2298 scrutatores
1039 2258 1262 2298 Aristoteles
1281 2287 1291 2301 ‚
1324 2259 1544 2300 Athenaeus
1562 2292 1571 2305 ‚
1603 2264 1681 2302 Ae-

264 2306 386 2346 lianus
405 2341 414 2353 ‚
440 2310 586 2349 Plinius
605 2339 613 2352 ‚
640 2312 840 2351 Cardanus
858 2340 866 2353 ,
898 2313 1150 2354 Rmdeletius
1169 2346 1176 2358 ,
1209 2316 1403 2355 silvianus
1422 2345 1430 2357 ‚
1467 2318 1683 2364 Columna,

265 2363 406 2416 aliique
422 2365 556 2419 longas
573 2370 832 2407 enarrationes
866 2369 911 2407 ‹zle
943 2369 997 2408 his
1030 2372 1139 2410 rebus
1174 2371 1407 2425 reliquerunt
1423 2404 1430 2411 .
1462 2375 1596 2427 Neque
1614 2390 1685 2414 no-

264 2418 347 2458 stris
363 2424 600 2477 temporibus
616 2423 752 2464 harum
785 2438 914 2464 rerum
943 2425 1137 2466 deferbuit
1166 2427 1356 2472 studium3
1389 2431 1508 2469 immo
1539 2433 1680 2469 mirum

996 2485 1034 2522 A
1064 2498 1090 2524 2
1247 2529 1252 2532 Α
1544 2489 1584 2526 in
1601 2502 1684 2528 mo·

1709 2064 1729 2095 Ἰ
