2145 2910
580 207 857 248 MINVS
916 206 1191 248 NOTIS
1547 218 1596 246 21

177 294 239 335 seu
260 293 558 346 Melopeponis.
589 293 790 333 Praeterea
820 290 911 332 flavi
935 292 1076 332 coloris
1101 292 1239 333 itidem
1267 291 1320 333 est
1349 303 1393 331 ut
1422 291 1506 332 sunt
1535 292 1602 332 hu.

178 350 346 403 jusmodi
365 362 484 402 poma
504 376 510 383 -
541 349 757 388 Secundum
774 361 867 387 vero
883 348 1118 389 Echinorum
1135 362 1250 402 genus
1279 348 1331 389 est
1360 349 1453 388 illud
1470 347 1533 387 vul
1539 364 1606 402 ga.-

168 422 221 456 ¹re
236 401 483 457 compressius
501 405 542 443 &
559 406 714 458 nigrum
733 432 741 445 ‚
775 404 880 457 quod
897 403 1070 458 frequens
1100 406 1292 458 reperitur
1308 407 1346 443 in
1362 403 1494 445 Infero
1524 418 1608 443 ma-

177 465 211 501 ri
229 489 238 504 ‚
268 459 488 515 praesertim
507 462 613 499 circa
630 459 866 512 Neapolim.
896 461 967 500 Sed
993 461 1098 514 apud
1119 475 1187 501 nos
1205 461 1298 501 licet
1314 459 1359 500 fit
1376 464 1495 501 rarius
1512 491 1522 505 ‚
1550 472 1608 501 tn.-
1654 476 1656 478 ·

179 531 268 557 men
299 530 339 554 1n
369 517 555 567 majorem
588 516 731 555 molem
761 516 915 555 videtur
944 511 1366 557 excrescere¹.“Tertius
1382 517 1546 570 denique
1564 518 1607 555 E-

177 573 312 613 chinus
330 570 652 625 frequentiffimus
668 572 774 625 apud
791 586 860 611 nos
877 571 930 612 est
948 572 1012 612 ille
1031 603 1040 616 ,
1070 587 1185 626 quem
1203 574 1417 627 Spatagum
1434 583 1582 614 vocant
1598 600 1606 608 -

178 628 302 680 Hujus
320 627 505 668 immensa
523 630 578 668 vis
611 629 661 669 ad
677 628 786 667 littus
818 626 990 667 nostrum
1015 627 1238 681 praesertim
1266 629 1485 669 autumnali
1515 639 1610 668 tem-

178 699 275 739 pore
294 683 378 738 post
395 684 585 738 procellas
615 700 637 724 a
668 698 772 723 mare
788 685 989 735 rejicitur.
1022 685 1157 735 Qare
1188 685 1293 738 apud
1320 699 1388 724 nos
1408 684 1610 738 Pelagium

179 755 260 780 non
276 741 328 779 est
350 769 359 782 ,
388 755 518 781 rarum
535 740 682 780 scilicet
699 770 708 785 ‚
739 742 782 779 ὃς
799 740 838 777 in
853 740 1053 792 profundo
1083 742 1180 782 mari
1198 751 1352 780 tantum
1368 742 1508 795 degens
1525 767 1536 783 ‚
1563 752 1610 780 ut

180 796 229 835 de
243 810 289 834 eo
306 794 505 849 scripserat
521 795 748 837 Aristoteles
765 825 772 834 .
1279 801 1282 804 ”

210 889 1127 924 QQQQQQQQQQ
1133 891 1592 925 QQQQQ

500 970 957 1029 CAPVT
1040 971 1301 1032 XIIII.

180 1079 294 1118 vi
333 1074 548 1117 MARINA
584 1090 793 1117 MINIMA
832 1088 1088 1116 Llrronls
1129 1080 1503 1117 ARIMINENSIS
1536 1089 1613 1115 Ar,-

777 1144 1020 1172 BrssrmA.

184 1238 214 1276 Ι.
246 1239 327 1325 C
345 1238 527 1279 Oncham
541 1238 642 1279 hanc
660 1266 670 1281 ,
701 1242 809 1290 cujus
827 1238 996 1279 diversae
1026 1237 1113 1277 sunt
1144 1237 1286 1290 species
1303 1264 1314 1280 ‚
1347 1238 1470 1277 Nucis
1490 1237 1614 1277 nomi-

360 1309 406 1334 ne
435 1295 585 1334 donant
613 1293 809 1335 Naturalis
840 1291 1020 1333 historiae
1051 1294 1269 1347 Scriptores
1301 1322 1311 1337 ‚
1345 1294 1454 1346 quod
1482 1306 1616 1333 earum

184 1355 348 1404 majores
378 1354 532 1392 Nucem
563 1349 861 1404 quodammodo
892 1348 1061 1391 referant
1093 1365 1103 1393 3
1142 1350 1203 1390 {ed
1234 1350 1425 1390 Glandem
1457 1351 1588 1404 potius
1607 1378 1617 1393 ,

185 1408 246 1448 vel
271 1407 487 1462 Dactylum
514 1406 653 1447 referre
683 1406 781 1446 mihi
811 1405 994 1445 videntur
1022 1436 1029 1444 .
1060 1405 1199 1445 Melius
1232 1404 1387 1446 fortaffe
1419 1405 1617 1444 Columna

182 1463 285 1504 libro
314 1465 361 1503 de
395 1463 645 1516 Aquatilibus
682 1460 811 1502 num-⁰
842 1463 1018 1504 LXVIII.
1050 1476 1167 1502 unam
1203 1477 1337 1502 earum
1370 1492 1380 1507 ‚
1411 1460 1618 1501 Concham

183 1531 352 1573 utroque
384 1519 505 1559 latere
537 1518 572 1558 se
602 1518 859 1573 colligentem
889 1517 1104 1573 appellavit
1136 1550 1143 1558 .
1181 1518 1292 1558 Hanc
1325 1521 1427 1558 inter
1460 1531 1517 1557 res
1547 1518 1618 1556 mi-

185 1589 254 1615 nus
282 1585 395 1629 potas
427 1575 502 1615 huc
530 1577 672 1620 attuli,
690 1576 796 1629 quod
817 1577 978 1614 minima
1009 1573 1157 1627 semper
1189 1572 1234 1613 sit
1251 1601 1261 1616 ‚
1293 1576 1334 1613 &
1367 1571 1613 1614 albiffimb.

183 1632 351 1684 Majores
369 1633 472 1671 enim
490 1633 606 1671 variis
624 1631 821 1670 coloribus
853 1630 1002 1682 semper
1030 1629 1117 1668 sunt
1147 1629 1374 1669 distinctae.
1407 1629 1617 1678 Hagg-np-

184 1686 262 1736 stiga.
274 1689 432 1735 minima
465 1685 612 1738 semper
637 1685 714 1726 est,
740 1700 830 1724 nam
862 1686 954 1724 licet
986 1685 1107 1723 multa
1131 1685 1313 1738 exempla
1342 1687 1421 1736 ejus
1454 1686 1492 1724 in
1522 1683 1619 1724 sedi-

187 1753 322 1780 mento
338 1740 470 1779 nostro
488 1741 729 1792 reperiantur
746 1766 755 1780 ,
773 1753 821 1779 ex
838 1740 1047 1791 majoribus
1067 1753 1161 1778 vero
1177 1737 1361 1779 rariffime
1378 1750 1590 1779 cernuntur
1605 1766 1616 1782 ‚

190 1808 234 1834 ut
252 1794 329 1849 ipse
347 1795 519 1848 pluribus
535 1796 641 1832 annis
658 1820 667 1833 ‚
696 1795 833 1845 quibus
874 1794 985 1831 littus
1004 1793 1174 1832 nostrum
1191 1805 1340 1834 attente
1370 1794 1490 1834 lustro
1506 1825 1516 1839 ,
1547 1796 1614 1835 vix

185 1864 302 1889 unam
331 1860 398 1888 aut
426 1848 588 1887 alteram
617 1847 781 1887 viderim
808 1875 817 1889 ‚
850 1861 992 1899 eaeque
1023 1862 1102 1886 non
1133 1847 1343 1888 albiffimae
1368 1877 1377 1891 ‚
1409 1848 1470 1889 sed
1496 1850 1617 1900 fig&

184 1904 256 1946 {int
274 1932 284 1948 ‚
316 1916 360 1945 ut
392 1902 548 1943 inferius
565 1904 764 1943 dicemus.
795 1902 1045 1943 Conchulam
1071 1903 1171 1943 hanc
1189 1902 1273 1943 satis
1299 1916 1392 1958 apte
1422 1906 1616 1946 cuderunt

186 1959 366 2001 Artifices
385 1959 507 1999 nostri
538 1962 577 1999 in
605 1958 758 1999 Tabula
783 1960 830 1998 Π.
861 1957 987 2013 figura
1012 1961 1060 2000 V.
1092 1957 1157 2000 sub
1189 1959 1326 2000 litteris
1344 1962 1392 1998 G.
1410 1960 1459 2000 H.
1476 1962 1504 2000 I.
1524 1976 1619 2016 qua-

186 2031 275 2057 rum
305 2017 429 2056 media
459 2015 664 2056 Concham
710 2014 970 2069 repraesentat
1003 2018 1042 2055 in
1071 2015 1170 2055 statu
1201 2017 1368 2057 naturali
1394 2032 1403 2061 ;
1448 2018 1619 2071 reliquae

188 2084 231 2112 ut
260 2072 381 2112 oculis
412 2074 519 2113 vitro
549 2071 739 2112 instructis
769 2084 960 2127 apparent
991 2104 998 2111 .
1028 2073 1121 2111 Duo
1151 2072 1261 2124 hujus
1286 2075 1409 2113 Nucis
1435 2076 1619 2115 minimae

187 2127 275 2185 sunt
304 2143 468 2186 genera,
495 2143 662 2183 quorum
688 2142 807 2167 unum
839 2127 890 2168 est
919 2129 1026 2182 quod
1059 2130 1097 2167 in
1113 2128 1264 2169 Tabula
1296 2129 1509 2182 expressum
1541 2129 1619 2175 est;

188 2184 351 2231 alterum
377 2186 482 2238 quod
509 2186 665 2238 apicem
681 2197 840 2224 acutum
858 2187 895 2224 in
911 2187 1158 2225 extremitate
1185 2185 1251 2225 illa
1268 2186 1440 2226 rotunda
1456 2188 1498 2226 &
1512 2185 1618 2226 clau-
1636 2204 1641 2211 ,

192 2239 229 2280 sa
244 2253 347 2295 gerit
364 2269 373 2283 ‚
402 2244 469 2296 qui
485 2255 584 2296 apex
600 2241 688 2281 heic
707 2243 744 2280 in
760 2241 864 2281 nulla
881 2240 952 2280 fuit
969 2240 1158 2296 expressus
1175 2272 1182 2280 .

246 2298 296 2336 ΙΙ.
330 2298 366 2336 Si
394 2312 415 2337 a
443 2299 656 2338 minoribus
689 2297 734 2336 ad
768 2301 914 2348 majora
947 2296 1093 2351 semper
1121 2298 1451 2353 progrediendum
1472 2297 1548 2340 est,
1575 2308 1619 2338 ut

191 2353 303 2392 multi
319 2355 561 2393 contendunt
579 2384 587 2397 ,
615 2352 781 2393 secundo
809 2354 898 2392 loco
923 2356 1077 2395 Nucem
1111 2354 1228 2394 aliam
1254 2357 1442 2395 marinam
1475 2355 1541 2394 hic
1559 2354 1620 2395 de«

191 2405 420 2453 scribemus,
449 2424 548 2464 quae
579 2420 707 2451 tamen
725 2420 890 2466 propter
916 2425 1102 2465 magnum
1131 2412 1209 2452 oris
1241 2412 1391 2453 hiatum
1417 2412 1620 2466 cognatio-

1528 2481 1616 2508 nem

1643 506 1659 526 L
1687 499 1751 534 'thina
1763 517 1768 521 '
1780 513 1817 531 ll!
1828 502 1880 531 “ff
1913 509 1930 531 'J
1943 497 2016 531 '5⁴¹7
2030 515 2034 519 ’

1894 547 1897 556 l
