2125 2915
458 196 821 237 APPENDIX
868 193 1221 234 SECVNDA.
1474 211 1548 243 117

123 278 332 325 coalescit,
361 293 457 333 quae
482 281 538 319 ita
563 278 744 335 dispofita
774 277 883 322 sunt,
930 290 972 318 ut
1006 277 1246 332 superficiem
1287 294 1364 320 non
1394 283 1544 328 mirum,

123 350 240 389 quam
271 350 412 390 corpus
451 336 667 376 universum
699 335 821 375 veluti
847 334 1096 375 foraminibus
1142 338 1321 390 pervium
1352 338 1543 378 reddant.

121 392 367 432 Foraminula
397 391 489 430 haec
521 393 718 432 interdum
735 393 900 431 exterius
925 391 1119 444 assurgunt
1137 420 1147 435 ,
1181 403 1221 431 ut
1237 393 1380 433 Tubuli
1398 393 1545 434 exstan-

120 460 175 487 tes
193 448 423 489 videantur,
455 449 522 500 qui
537 448 679 488 Tubuli
712 446 918 499 sanguineo
950 447 1113 487 humore
1139 446 1221 487 sunt
1246 447 1401 503 perfufi-
1435 452 1544 491 Intra

121 504 206 545 istos
222 503 397 544 Tubulos
414 503 604 543 Insedhun
624 503 812 558 hospitari
839 501 1040 543 verisimile
1056 504 1108 544 est
1126 533 1133 540 .

121 607 1499 645 QQQQQQQQQQQQNQQQ

347 694 800 754 CAPVT
917 694 1315 757 XXXIV.

370 818 630 856 SvonA
674 816 949 856 HIRCINA
994 817 1286 857 GLOBOSA.
1380 799 1519 854 ffbfsa!

117 907 175 992 S
193 901 342 958 Pongia
366 905 462 945 haec
486 908 522 945 in
549 905 678 946 nostro
710 909 805 948 mari
831 923 917 948 rara
944 908 1155 948 admodum
1179 907 1255 954 est,
1287 912 1394 964 cujus
1418 924 1546 951 exem-

207 960 316 1012 plum
343 962 505 1000 unicum
529 961 582 1002 est
610 964 714 1017 apud
744 965 960 1004 Battarram
990 964 1159 1004 nostrum
1176 995 1186 1009 ,
1226 968 1331 1019 quod
1369 966 1447 1021 ipse
1470 969 1548 1008 Ta-

114 1016 207 1057 bula
233 1016 315 1057 XV.
335 1015 399 1056 sub
423 1019 573 1058 Littera
594 1019 631 1057 E.
653 1017 834 1074 expressit
853 1049 859 1055 .
892 1022 946 1061 Ex
962 1022 1212 1061 Hircinarum
1229 1037 1368 1076 genere
1379 1023 1431 1063 est
1447 1055 1456 1068 ‚
1484 1023 1547 1064 sed

116 1071 244 1112 mollis
271 1073 384 1113 valde
409 1073 460 1112 est
488 1102 498 1116 ,
533 1088 620 1114 nam
639 1090 769 1115 recens
799 1075 998 1131 expiscata
1022 1087 1107 1116 tota
1137 1078 1290 1133 pugillo
1320 1082 1547 1121 contineba-

113 1140 177 1168 tur
194 1159 204 1173 ,
234 1126 294 1166 sed
318 1130 455 1168 relista
481 1131 639 1169 elaterio
669 1131 735 1171 suo
762 1134 800 1170 in
826 1132 1027 1185 pristinum
1056 1134 1234 1174 redibat.
1270 1136 1432 1176 Subrufa
1457 1147 1546 1176 tota

115 1183 168 1224 est
184 1212 194 1226 ‚
227 1185 269 1222 &
294 1180 498 1225 filamentis
524 1186 709 1241 stuppofis
734 1189 886 1228 constat
917 1189 963 1228 ad
981 1206 1006 1228 e·
1037 1190 1171 1228 eadem
1191 1191 1323 1231 tabula
1340 1190 1544 1246 expreffis,

111 1237 283 1278 Globosa
313 1240 389 1285 est,
420 1242 462 1280 ἃ
487 1257 585 1296 quae
617 1245 655 1281 in
674 1243 808 1284 Museo
825 1246 1020 1284 Battarrae
1049 1242 1275 1287 adservatur
1292 1275 1303 1291 ‚
1322 1248 1544 1303 quadruplo

114 1297 242 1346 major
260 1292 312 1333 est
327 1294 517 1337 schemate
539 1298 713 1353 expresso
725 1327 733 1335 ·

115 1403 1523 1444 QQQQQQQQQQQQQQQQQQ

403 1501 810 1559 CAPVT
914 1504 1257 1566 XXXV.

285 1622 462 1662 SPONGIA
495 1635 656 1663 RAMOSA
689 1636 858 1666 MINOR,
891 1639 1070 1666 RAMVLIS
1104 1642 1380 1670 COMPLICATIS

376 1692 693 1719 VULGATISSSIMA
732 1694 776 1719 ET
811 1681 1000 1722 GLOBOSA
1032 1698 1288 1731 PLERVMQVE.

119 1782 222 1868 H
241 1784 322 1824 Aee
339 1788 508 1839 Spongia
538 1785 797 1839 vulgatiffima
828 1786 944 1826 estin
967 1789 1099 1830 nostro
1130 1794 1249 1837 mari,
1280 1807 1409 1833 recens
1440 1799 1547 1850 expi-

253 1838 355 1879 scata
378 1842 487 1881 rubri
520 1842 687 1880 coloris.
721 1839 893 1881 Ramosa
921 1845 1016 1884 item
1047 1847 1216 1886 multum
1240 1846 1317 1892 est,
1361 1851 1403 1889 &
1429 1854 1544 1891 ramis

118 1894 423 1940 confertiffimis,
454 1908 499 1936 ut
531 1906 696 1950 apparet
725 1896 792 1938 sub
820 1899 969 1940 Littera
994 1900 1030 1938 F·
1056 1901 1229 1943 Tabulae
1247 1904 1327 1942 XV.
1351 1907 1416 1957 qui
1445 1909 1545 1947 rami

119 1964 167 1990 ex
196 1952 280 2005 pilis
311 1950 498 2005 stuppofis
528 1950 776 1995 coalescunt,
821 1956 864 1995 ὃ(
891 1954 976 1995 sunt
1006 1956 1262 1999 minutiffimis
1288 1959 1543 2004 foraminibus

120 2007 271 2102 perviist-
302 2008 426 2048 Variis
457 2011 568 2051 rebus
611 2007 853 2053 adnascitur,
898 2012 941 2050 &
970 2013 1153 2066 globosae
1197 2012 1341 2071 figurae
1373 2018 1543 2074 plerum=

120 2076 195 2116 que
219 2077 238 2103 e
286 2095 292 2102 .

1409 2485 1538 2517 CAPvT
