2125 2915
545 209 596 252 98
870 200 1246 241 APPENDIX
1293 201 1652 242 SECVNDA.

541 287 603 329 seu
622 289 660 327 in
676 298 812 329 ventre
841 284 980 325 Echini
997 315 1007 330 ,
1038 285 1081 323 ἃ
1099 286 1190 326 Ova
1208 316 1217 331 ,
1233 284 1295 327 seu
1312 289 1460 328 Ovaria
1484 285 1679 341 designata
1710 286 1796 328 sunt
1826 288 1865 327 in
1882 284 1946 341 fig.
1962 286 2001 325 B.

542 345 640 386 Tab.
659 347 712 385 11.
746 343 813 383 sub
846 343 987 382 litteris
1020 342 1052 381 h.
1066 342 1096 382 h.
1111 343 1141 382 h.
1155 343 1187 382 h.
1205 343 1260 386 12,
1291 343 1351 384 sed
1370 344 1437 384 ista
1463 344 1654 385 foramina
1685 344 1822 399 paullo
1848 347 2001 396 majora

545 403 794 457 reperiuntur
820 401 942 439 etiam
962 400 1001 438 in
1019 400 1165 439 vertice
1179 401 1490 456 Triangulorum
1508 401 1802 456 perforatorum
1822 430 1832 445 ‚
1864 400 2002 441 fortas-

543 457 577 499 se
624 470 668 498 ut
715 457 852 498 melius
883 455 1043 495 excludi
1071 455 1217 510 poffint
1248 473 1325 499 ova
1356 458 1539 499 immensa
1568 459 1810 500 Echinorum
1838 459 1877 497 in
1904 472 2000 498 con-

544 518 650 570 gerie
676 516 742 555 illa
774 514 914 552 conica
944 511 1190 554 sacculorum
1225 515 1258 555 h.
1277 515 1310 555 h.
1329 516 1452 562 ἠύς.
1481 516 1680 557 collocata
1711 544 1721 560 ,
1767 517 1810 556 &
1844 514 1999 555 fortasse

541 587 616 628 pro
649 568 811 625 ingreffu
844 584 967 623 aquae
1007 572 1182 612 marinae
1215 574 1318 613 intra
1350 587 1496 629 corpus
1528 573 1667 614 Echini
1696 602 1706 617 ‚
1738 588 1816 627 qua
1848 570 1998 626 semper

540 628 725 668 refertum
744 625 798 666 est
815 655 822 662 .
860 627 1021 667 Praeter
1038 627 1105 667 ista
1122 627 1317 670 foramina
1335 630 1415 671 duo
1431 631 1508 671 alia
1540 642 1743 685 praeterea
1773 632 1925 682 majora
1940 642 2000 667 re-

540 686 749 739 periuntur
764 685 804 723 in
822 683 973 724 Echino
990 712 999 726 ‚
1018 698 1163 738 nempe
1181 701 1303 726 unum
1329 701 1403 742 pro
1420 688 1501 728 Ore
1518 718 1526 733 ‚
1554 689 1597 727 &
1614 688 1780 727 alterum
1800 702 1875 742 pro
1892 686 1993 724 Ano.

541 742 733 782 foramen
751 756 824 796 pro
844 741 926 782 Ore
945 740 997 781 est
1025 744 1246 783 maximum
1279 741 1489 785 fortiffima
1506 745 1734 785 membrana
1763 743 1998 784 obductum,

540 799 581 837 in
599 799 706 850 cujus
729 798 862 838 medio
895 799 1068 852 quinque
1101 800 1234 839 dentes
1266 802 1467 854 prodeunt
1498 803 1539 841 in
1563 803 1676 854 apice
1708 798 1926 841 duriffimi‚
1954 798 1997 837 &

541 853 814 911 semilapidei,
846 866 892 895 ut
924 852 1011 895 sunt
1044 857 1082 894 in
1114 854 1302 902 homine,
1333 857 1396 897 sed
1428 859 1466 897 in
1497 859 1628 898 radice
1648 885 1657 900 ‚
1689 871 1788 910 quae
1820 857 1997 908 oblonga

539 912 654 953 valde
682 911 734 952 est
753 941 761 955 ,
790 911 876 952 sunt
909 910 1066 952 testacei
1087 940 1095 946 ·
1129 913 1278 953 Dentes
1305 911 1415 955 infixi
1444 913 1531 955 sunt
1555 917 1594 955 in
1611 916 1782 969 quadarn
1812 911 1995 952 machina

537 968 723 1010 Testacea
751 971 918 1014 conica,
951 983 1049 1022 quae
1068 971 1262 1024 Diogenis
1294 971 1444 1011 laterna
1471 972 1594 1027 vulgo
1616 973 1763 1011 dicitur
1783 998 1794 1014 ,
1823 972 1867 1009 &
1897 967 1996 1008 haec

541 1027 725 1067 machina
755 1056 764 1069 ‚
796 1041 897 1081 quae
932 1026 1089 1066 mobilis
1123 1029 1175 1066 est
1207 1056 1216 1071 ,
1250 1028 1452 1069 collocata
1486 1039 1653 1084 apparet
1685 1030 1789 1067 inter
1823 1027 1997 1081 quinque

540 1084 672 1125 valvas
699 1083 915 1139 perforatas
935 1111 944 1126 ‚
976 1097 1075 1137 quae
1094 1098 1143 1124 ex
1158 1084 1272 1125 Testa
1288 1086 1425 1126 Echini
1443 1085 1594 1127 inversa
1610 1084 1852 1137 consurgunt
1870 1111 1880 1125 ‚
1898 1095 1997 1136 quae

542 1141 679 1179 omnia
703 1141 941 1181 adumbrata
959 1139 1046 1180 sunt
1062 1141 1213 1182 Tabula
1229 1143 1279 1182 ΙΙ.
1298 1145 1337 1182 in
1355 1140 1419 1197 fig.
1442 1145 1489 1181 A.
1520 1157 1646 1198 prope
1660 1144 1709 1182 G.
1729 1155 1738 1185 ;
1756 1142 1859 1181 circa
1877 1152 1999 1179 mem-

544 1197 712 1236 branam
731 1209 935 1236 externam
960 1226 969 1240 ,
1000 1212 1097 1250 quae
1117 1201 1245 1254 cingit
1262 1201 1395 1240 dentes
1414 1231 1424 1246 ,
1442 1201 1693 1254 reperiuntur
1718 1199 1854 1238 decem
1870 1194 2000 1250 papil-

545 1252 606 1293 lae
624 1252 812 1293 testaceae
834 1264 1045 1293 excavatae
1064 1284 1075 1298 ‚
1101 1269 1200 1307 quae
1219 1255 1373 1296 fortaffe
1390 1257 1487 1296 olim
1506 1268 1618 1297 erant
1638 1253 1889 1308 receptacula
1906 1265 1998 1290 acu-

542 1310 694 1350 leorum
717 1341 724 1348 .
758 1308 943 1349 Alterum
970 1308 1148 1350 foramen
1175 1310 1228 1351 est
1255 1313 1303 1352 ad
1329 1313 1461 1352 Anum
1494 1327 1527 1351 n.
1548 1340 1556 1354 ‚
1593 1311 1700 1364 quod
1720 1309 1947 1350 occluditur
1974 1322 1997 1348 a

544 1368 772 1408 membrana
798 1367 892 1406 item
912 1364 1118 1407 fortissima
1135 1395 1145 1410 ,
1167 1367 1278 1423 super
1295 1383 1412 1422 quam
1435 1368 1520 1408 sunt
1537 1370 1667 1408 variae
1700 1367 1872 1421 papillae
1903 1379 1996 1406 acu-

542 1423 610 1465 leis
642 1423 874 1477 plerumque
906 1423 1080 1464 donatae
1105 1452 1114 1466 ,
1144 1439 1239 1477 quas
1267 1424 1494 1464 Gualterius
1527 1440 1600 1479 pro
1634 1425 1868 1479 corporibus
1895 1423 1996 1477 lapi-

543 1481 623 1521 deis
642 1481 868 1521 Cerebrites
888 1478 1141 1520 referentibus
1159 1483 1315 1535 accepit
1333 1512 1342 1526 ,
1373 1480 1432 1521 sed
1450 1496 1584 1522 revera
1603 1479 1691 1521 sunt
1710 1480 1883 1534 papillae
1899 1494 1992 1519 acu-

544 1538 697 1578 leorum
715 1568 722 1576 .
755 1534 988 1577 Intestinum
1005 1539 1156 1575 rectum
1173 1540 1307 1576 Anum
1325 1536 1495 1575 efficiens
1512 1539 1673 1588 oblique
1691 1536 1869 1588 perforat
1891 1535 1993 1575 hanc

542 1595 840 1635 membranam.
874 1590 1035 1631 Canalis
1057 1590 1335 1631 Intestinorum
1364 1592 1504 1644 incipit
1530 1593 1579 1631 ab
1607 1593 1689 1630 Ore
1706 1592 1752 1629 C·
1785 1592 1886 1629 &in
1915 1601 1994 1629 tres

543 1650 715 1691 sacculos
741 1651 785 1688 C.
806 1651 851 1688 C.
871 1649 917 1686 C.
942 1646 1167 1687 extenditur
1188 1678 1197 1691 ‚
1215 1650 1282 1702 qui
1299 1647 1424 1689 veluti
1451 1660 1527 1688 tres
1544 1646 1763 1688 Ventriculi
1796 1645 1906 1687 sunt.
1926 1648 1995 1686 Ci-

542 1708 612 1747 bus
630 1707 868 1747 Echinorum
896 1705 1094 1757 majorum
1112 1733 1121 1748 ,
1151 1707 1220 1759 qui
1237 1721 1259 1746 a
1276 1704 1412 1745 nostris
1430 1705 1605 1745 Melones
1624 1705 1765 1744 marini
1792 1704 1991 1747 dicuntur,

546 1762 600 1803 est
616 1764 823 1817 Filograna
842 1759 972 1802 nostra
989 1791 1000 1807 ‚
1028 1775 1127 1815 quae
1158 1764 1195 1802 in
1214 1762 1286 1803 hac
1302 1763 1538 1817 Appendice
1572 1760 1803 1804 describitur
1818 1790 1829 1805 ‚
1859 1761 1903 1800 &
1919 1762 1992 1800 im

542 1822 695 1862 Tabula
714 1820 818 1861 XIX.
837 1819 996 1871 depicta
1015 1817 1068 1857 est
1085 1845 1092 1852 -
1118 1820 1238 1858 Cibus
1259 1819 1498 1858 Echinorum
1517 1819 1744 1871 vulgarium
1770 1818 1944 1859 creditur
1969 1832 1992 1858 a

542 1876 787 1918 Rondeletio
811 1877 957 1915 Lutum
973 1903 982 1917 ,
1003 1875 1136 1914 Arena
1154 1901 1163 1916 ‚
1182 1876 1299 1926 Aqua
1319 1875 1466 1913 marina
1483 1900 1492 1914 ‚
1526 1872 1589 1913 sed
1606 1887 1727 1925 quum
1744 1887 1881 1912 eorum
1899 1875 1990 1914 den-

544 1946 598 1974 tes
625 1931 699 1972 sint
728 1927 944 1974 durissimi,
970 1927 1124 1971 fortaffe
1154 1930 1196 1969 ὅ(
1229 1931 1341 1969 rebus
1373 1928 1592 1969 durioribus
1620 1925 1826 1982 vescuntur
1844 1929 1887 1967 ὃς
1904 1928 1986 1982 ipsi.

541 1989 708 2044 Scybala
737 2002 807 2044 per
835 1989 970 2028 Anum
989 1998 1154 2040 egerunt
1179 1988 1338 2040 utrique
1365 1986 1538 2027 rotunda
1557 1986 1664 2026 velut
1695 1998 1814 2038 grana
1840 1986 1990 2030 Viciae,

546 2050 589 2088 ὃς
621 2047 803 2087 Battarra
829 2042 955 2085 noster
982 2046 1235 2097 conjectatur
1263 2058 1313 2084 ex
1340 2042 1396 2083 his
1424 2042 1585 2099 scybalis
1602 2053 1735 2082 ortum
1759 2042 1901 2083 ducere
1919 2041 1991 2083 Pe-

545 2104 742 2158 trobryon
760 2133 771 2150 ,
800 2102 909 2157 quod
928 2102 967 2141 in
985 2103 1085 2142 mari
1114 2101 1247 2142 nostro
1264 2100 1316 2141 est
1332 2097 1676 2156 frequentiffimum
1694 2127 1703 2135 -
1736 2098 1990 2147 Observatio-

545 2177 611 2202 nes
642 2162 691 2201 de
704 2159 853 2201 Incessu
870 2157 1114 2200 Echinorum
1140 2175 1163 2199 a
1186 2174 1248 2200 me
1273 2157 1474 2200 institutae
1498 2157 1655 2200 fuerunt
1686 2157 1725 2195 in
1737 2156 1887 2197 Echino
1906 2155 1987 2197 vul-

545 2220 629 2272 gari
646 2219 695 2258 A.
712 2216 867 2260 Tabula
882 2216 922 2268 Ig
945 2217 1023 2257 Vbi
1040 2215 1129 2258 heic
1160 2215 1379 2258 notandum
1410 2213 1551 2272 figuras
1567 2214 1617 2254 D.
1633 2214 1682 2254 D.
1701 2213 1987 2270 repraesentare

545 2290 694 2316 cornua
711 2303 722 2319 ‚
754 2289 854 2329 quae
870 2272 956 2314 sunt
987 2273 1037 2315 ad
1067 2290 1098 2314 av
1121 2290 1155 2315 cz-
1179 2290 1212 2316 α.
1231 2290 1264 2315 a.
1281 2289 1312 2315 a.
1344 2273 1451 2315 lente
1466 2272 1589 2315 vitrea
1620 2273 1736 2312 aucta
1754 2301 1762 2308 .
1795 2270 1986 2312 Observa-

550 2335 678 2373 tiones
702 2347 798 2374 vero
823 2332 871 2372 de
904 2346 1039 2373 eorum
1072 2331 1275 2374 Testarum
1307 2330 1498 2373 structura
1539 2328 1722 2370 institutae
1751 2329 1909 2371 fuerunt
1944 2328 1986 2366 in

548 2389 698 2431 Echino
724 2391 865 2443 majori
883 2421 893 2436 ,
909 2391 1096 2444 qucmiam
1115 2389 1267 2431 facilius
1283 2392 1361 2444 ejus
1380 2402 1590 2445 compages
1608 2385 1828 2429 diffolvitur
1842 2417 1853 2432 ,
1868 2398 1986 2441 quam

548 2461 761 2502 compages
782 2446 1022 2488 Echinorum
1038 2447 1262 2504 vulgarium
1280 2476 1291 2492 ‚
1319 2447 1495 2501 quamvis
1519 2447 1561 2485 δε
1579 2444 1645 2502 ipfi
1663 2445 1862 2486 interdum
1881 2440 1987 2497 apud

1918 2509 1986 2537 nos
