2180 2905
440 208 463 241 6
890 181 1402 239 PRAEFATIO

439 300 702 340 congerierum
733 286 788 325 his
813 284 880 325 fit.
913 285 1081 337 Propter
1109 296 1321 336 operarum
1345 282 1541 323 defet‘tum
1564 282 1641 326 hoc
1672 284 1775 324 libro
1791 296 1872 324 non

442 346 483 384 in
497 343 649 398 singulis
679 341 818 397 figuras
850 340 1069 381 addidimus
1087 366 1096 381 ‚
1131 340 1347 392 quinetiam
1365 367 1376 383 ‚
1404 350 1449 379 ut
1475 354 1610 380 verum
1637 342 1803 394 ingenue
1818 340 1873 380 fa-

441 415 550 446 tear,
583 403 626 440 &
643 411 687 440 ut
711 414 759 440 ex
786 397 1045 453 descriptione
1076 395 1210 436 melius
1242 397 1471 452 apparebit,
1504 396 1699 436 interdum
1726 395 1873 451 figurae

441 473 522 500 non
537 459 699 499 omnino
714 454 899 511 exquifite
917 482 926 497 ,
957 455 1000 492 &
1030 453 1209 492 omnibus
1226 454 1394 493 numeris
1413 450 1629 493 absolutam
1645 467 1728 493 rem
1745 455 1874 506 expri-

443 528 584 558 munt,
616 529 738 568 quum
770 512 925 552 tabulae
955 508 1016 549 vel
1049 510 1248 549 Bononiae
1281 538 1291 555 ,
1321 510 1383 549 vel
1412 510 1583 549 Venetiis
1601 508 1761 549 excusae
1777 509 1874 554 lint,

443 586 611 627 quarum
627 584 782 623 operae,
801 579 846 607 ut
863 579 908 607 ut
923 567 1016 606 artis
1034 562 1120 605 suae
1137 579 1215 604 non
1234 567 1391 618 ignarae
1409 596 1419 611 ,
1452 567 1501 606 ab
1518 567 1723 606 inventore
1741 575 1875 604 tamen

445 629 563 680 longe
579 625 728 665 diffitae
745 655 755 670 ,
771 639 853 664 rem
884 638 962 663 non
981 624 1134 675 optime
1159 621 1305 676 semper
1323 621 1590 676 expresserunt
1607 636 1617 666 ;
1648 620 1876 676 praesertim

403 734 406 736 Α
445 697 565 737 quum
606 693 769 736 propter
808 679 1039 734 exemplaris
1077 679 1332 732 exiguitatem
1377 678 1574 718 interdum
1613 677 1877 731 microscopio

444 739 633 780 utendum
651 748 758 778 erat.
791 739 924 788 Qare
955 746 1139 775 accurata
1169 733 1429 788 descriptione
1460 750 1534 790 pro
1566 736 1712 775 viribus
1739 747 1879 786 opera-

395 820 401 842 3
445 810 533 836 rum
552 796 649 834 vitio
667 794 911 833 medebimur
928 817 936 826 .
961 789 1127 829 Fortaffe
1158 788 1328 829 secundis
1344 793 1445 830 curis
1464 819 1473 832 ,
1504 789 1530 829 fi
1548 792 1676 829 otium
1705 792 1747 829 ἃ
1777 791 1878 827 vires

444 849 679 903 suppetant,
704 848 899 888 historiam
933 844 1150 898 pleniorem
1179 858 1309 882 rerum
1340 848 1521 885 omnium
1538 846 1805 886 marinarum,
1835 842 1881 882 δε

446 905 689 947 terrestrium
706 905 918 945 littoris&
950 902 1034 954 agri
1065 897 1184 940 nostri
1201 899 1357 939 daturi.
