<?xml version="1.0" encoding="UTF-8"?>
<!DOCTYPE html PUBLIC "-//W3C//DTD XHTML 1.0 Transitional//EN"
    "http://www.w3.org/TR/xhtml1/DTD/xhtml1-transitional.dtd">
<html xmlns="http://www.w3.org/1999/xhtml" xml:lang="en" lang="en">
 <head>
  <title>
</title>
<meta http-equiv="Content-Type" content="text/html;charset=utf-8" />
  <meta name='ocr-system' content='tesseract 3.04.00' />
  <meta name='ocr-capabilities' content='ocr_page ocr_carea ocr_par ocr_line ocrx_word'/>
</head>
<body>
  <div class='ocr_page' id='page_1' title='image "./janiplanciarimin02bian_0084.png"; bbox 0 0 2125 2915; ppageno 0'>
   <div class='ocr_carea' id='block_1_1' title="bbox 542 216 1553 260">
    <p class='ocr_par' dir='ltr' id='par_1_1' title="bbox 542 216 1553 260">
     <span class='ocr_line' id='line_1_1' title="bbox 542 216 1553 260; baseline 0.009 -8"><span class='ocrx_word' id='word_1_1' title='bbox 542 216 594 252; x_wconf 89' lang='lat'>80</span> <span class='ocrx_word' id='word_1_2' title='bbox 993 216 1553 260; x_wconf 89' lang='lat' dir='ltr'>SPECIMEN</span> 
     </span>
    </p>
   </div>
   <div class='ocr_carea' id='block_1_2' title="bbox 534 299 1996 817">
    <p class='ocr_par' dir='ltr' id='par_1_2' title="bbox 534 299 1996 817">
     <span class='ocr_line' id='line_1_2' title="bbox 543 299 1996 365; baseline 0.01 -27"><span class='ocrx_word' id='word_1_3' title='bbox 543 313 586 339; x_wconf 84' lang='lat' dir='ltr'>ra</span> <span class='ocrx_word' id='word_1_4' title='bbox 609 300 683 339; x_wconf 87' lang='lat' dir='ltr'>iter</span> <span class='ocrx_word' id='word_1_5' title='bbox 713 299 852 339; x_wconf 72' lang='lat' dir='ltr'>faciens</span> <span class='ocrx_word' id='word_1_6' title='bbox 883 301 1005 355; x_wconf 88' lang='lat' dir='ltr'>probe</span> <span class='ocrx_word' id='word_1_7' title='bbox 1036 300 1156 345; x_wconf 88' lang='lat' dir='ltr'>sciet,</span> <span class='ocrx_word' id='word_1_8' title='bbox 1189 304 1350 357; x_wconf 87' lang='lat' dir='ltr'>quando</span> <span class='ocrx_word' id='word_1_9' title='bbox 1380 304 1588 347; x_wconf 87' lang='lat' dir='ltr'>secundum</span> <span class='ocrx_word' id='word_1_10' title='bbox 1621 309 1731 350; x_wconf 86' lang='lat' dir='ltr'>Mare</span> <span class='ocrx_word' id='word_1_11' title='bbox 1747 312 1810 350; x_wconf 83' lang='lat' dir='ltr'>via</span> <span class='ocrx_word' id='word_1_12' title='bbox 1840 310 1910 365; x_wconf 86' lang='lat' dir='ltr'>ipfi</span> <span class='ocrx_word' id='word_1_13' title='bbox 1940 323 1996 354; x_wconf 51' lang='lat' dir='ltr'>tea</span> 
     </span>
     <span class='ocr_line' id='line_1_3' title="bbox 543 355 1994 419; baseline 0.01 -25"><span class='ocrx_word' id='word_1_14' title='bbox 543 355 696 401; x_wconf 83' lang='lat' dir='ltr'>nenda,</span> <span class='ocrx_word' id='word_1_15' title='bbox 727 357 770 395; x_wconf 83' lang='lat'>&amp;</span> <span class='ocrx_word' id='word_1_16' title='bbox 788 358 946 411; x_wconf 86' lang='lat' dir='ltr'>quando</span> <span class='ocrx_word' id='word_1_17' title='bbox 981 357 1029 396; x_wconf 83' lang='lat' dir='ltr'>ad</span> <span class='ocrx_word' id='word_1_18' title='bbox 1059 359 1231 399; x_wconf 89' lang='lat' dir='ltr'>Monteis</span> <span class='ocrx_word' id='word_1_19' title='bbox 1261 389 1271 404; x_wconf 92' lang='lat'><em>,</em></span> <span class='ocrx_word' id='word_1_20' title='bbox 1300 371 1344 401; x_wconf 89' lang='lat' dir='ltr'>ut</span> <span class='ocrx_word' id='word_1_21' title='bbox 1374 364 1417 402; x_wconf 87' lang='lat' dir='ltr'>iis</span> <span class='ocrx_word' id='word_1_22' title='bbox 1444 364 1592 404; x_wconf 88' lang='lat' dir='ltr'>accidit</span> <span class='ocrx_word' id='word_1_23' title='bbox 1620 368 1686 419; x_wconf 91' lang='lat' dir='ltr'>qui</span> <span class='ocrx_word' id='word_1_24' title='bbox 1715 368 1898 408; x_wconf 82' lang='lat' dir='ltr'>Arimino</span> <span class='ocrx_word' id='word_1_25' title='bbox 1928 370 1994 409; x_wconf 72' lang='lat' dir='ltr'>Fa-</span> 
     </span>
     <span class='ocr_line' id='line_1_4' title="bbox 542 412 1996 476; baseline 0.01 -25"><span class='ocrx_word' id='word_1_26' title='bbox 542 426 636 452; x_wconf 86' lang='lat' dir='ltr'>num</span> <span class='ocrx_word' id='word_1_27' title='bbox 654 440 663 456; x_wconf 88' lang='lat'>,</span> <span class='ocrx_word' id='word_1_28' title='bbox 695 412 755 453; x_wconf 91' lang='lat' dir='ltr'>vel</span> <span class='ocrx_word' id='word_1_29' title='bbox 774 414 1006 454; x_wconf 80' lang='lat' dir='ltr'>Ravennam</span> <span class='ocrx_word' id='word_1_30' title='bbox 1022 417 1269 457; x_wconf 89' lang='lat' dir='ltr'>contendunt</span> <span class='ocrx_word' id='word_1_31' title='bbox 1285 448 1296 463; x_wconf 86' lang='lat'>,</span> <span class='ocrx_word' id='word_1_32' title='bbox 1327 433 1417 459; x_wconf 89' lang='lat' dir='ltr'>nam</span> <span class='ocrx_word' id='word_1_33' title='bbox 1446 420 1487 459; x_wconf 91' lang='lat' dir='ltr'>in</span> <span class='ocrx_word' id='word_1_34' title='bbox 1506 423 1654 476; x_wconf 87' lang='lat' dir='ltr'>magnis</span> <span class='ocrx_word' id='word_1_35' title='bbox 1672 421 1846 463; x_wconf 83' lang='lat' dir='ltr'>Aestibus</span> <span class='ocrx_word' id='word_1_36' title='bbox 1866 426 1927 465; x_wconf 87' lang='lat' dir='ltr'>via</span> <span class='ocrx_word' id='word_1_37' title='bbox 1942 424 1996 466; x_wconf 90' lang='lat' dir='ltr'>se-</span> 
     </span>
     <span class='ocr_line' id='line_1_5' title="bbox 544 469 1994 535; baseline 0.01 -28"><span class='ocrx_word' id='word_1_38' title='bbox 544 469 719 509; x_wconf 89' lang='lat' dir='ltr'>cundum</span> <span class='ocrx_word' id='word_1_39' title='bbox 749 471 860 509; x_wconf 83' lang='lat' dir='ltr'>Mare</span> <span class='ocrx_word' id='word_1_40' title='bbox 891 472 932 510; x_wconf 87' lang='lat' dir='ltr'>in</span> <span class='ocrx_word' id='word_1_41' title='bbox 956 471 1013 511; x_wconf 88' lang='lat' dir='ltr'>his</span> <span class='ocrx_word' id='word_1_42' title='bbox 1044 471 1140 513; x_wconf 90' lang='lat' dir='ltr'>locis</span> <span class='ocrx_word' id='word_1_43' title='bbox 1172 487 1253 513; x_wconf 90' lang='lat' dir='ltr'>non</span> <span class='ocrx_word' id='word_1_44' title='bbox 1282 473 1336 515; x_wconf 89' lang='lat' dir='ltr'>est</span> <span class='ocrx_word' id='word_1_45' title='bbox 1366 486 1480 523; x_wconf 85' lang='lat' dir='ltr'>tuta,</span> <span class='ocrx_word' id='word_1_46' title='bbox 1510 487 1555 517; x_wconf 91' lang='lat' dir='ltr'>ut</span> <span class='ocrx_word' id='word_1_47' title='bbox 1569 478 1645 518; x_wconf 86' lang='lat' dir='ltr'>alia</span> <span class='ocrx_word' id='word_1_48' title='bbox 1672 478 1852 520; x_wconf 85' lang='lat' dir='ltr'>sexcenta</span> <span class='ocrx_word' id='word_1_49' title='bbox 1881 495 1994 535; x_wconf 69' lang='lat' dir='ltr'>praee</span> 
     </span>
     <span class='ocr_line' id='line_1_6' title="bbox 541 529 1995 590; baseline 0.009 -25"><span class='ocrx_word' id='word_1_50' title='bbox 541 536 691 565; x_wconf 87' lang='lat' dir='ltr'>teream</span> <span class='ocrx_word' id='word_1_51' title='bbox 707 556 717 568; x_wconf 96' lang='lat'>‚</span> <span class='ocrx_word' id='word_1_52' title='bbox 747 539 845 577; x_wconf 87' lang='lat' dir='ltr'>quae</span> <span class='ocrx_word' id='word_1_53' title='bbox 875 541 924 567; x_wconf 83' lang='lat' dir='ltr'>ex</span> <span class='ocrx_word' id='word_1_54' title='bbox 939 529 1082 569; x_wconf 86' lang='lat' dir='ltr'>notitia</span> <span class='ocrx_word' id='word_1_55' title='bbox 1098 530 1232 571; x_wconf 88' lang='lat' dir='ltr'>Aestus</span> <span class='ocrx_word' id='word_1_56' title='bbox 1249 533 1395 573; x_wconf 86' lang='lat' dir='ltr'>Marini</span> <span class='ocrx_word' id='word_1_57' title='bbox 1418 535 1590 576; x_wconf 82' lang='lat' dir='ltr'><strong>maxime</strong></span> <span class='ocrx_word' id='word_1_58' title='bbox 1618 536 1790 590; x_wconf 88' lang='lat' dir='ltr'>pendent</span> <span class='ocrx_word' id='word_1_59' title='bbox 1806 568 1814 575; x_wconf 87' lang='lat'><strong>.</strong></span> <span class='ocrx_word' id='word_1_60' title='bbox 1844 539 1995 578; x_wconf 84' lang='lat' dir='ltr'>Verum</span> 
     </span>
     <span class='ocr_line' id='line_1_7' title="bbox 540 579 1992 647; baseline 0.012 -30"><span class='ocrx_word' id='word_1_61' title='bbox 540 595 611 621; x_wconf 83' lang='lat' dir='ltr'>nos</span> <span class='ocrx_word' id='word_1_62' title='bbox 641 594 722 619; x_wconf 89' lang='lat' dir='ltr'>non</span> <span class='ocrx_word' id='word_1_63' title='bbox 741 579 985 624; x_wconf 89' lang='lat' dir='ltr'>Astronomis</span> <span class='ocrx_word' id='word_1_64' title='bbox 1016 585 1141 626; x_wconf 90' lang='lat' dir='ltr'>solum</span> <span class='ocrx_word' id='word_1_65' title='bbox 1156 586 1355 630; x_wconf 82' lang='lat' dir='ltr'>scribimus</span> <span class='ocrx_word' id='word_1_66' title='bbox 1371 618 1382 634; x_wconf 94' lang='lat'>,</span> <span class='ocrx_word' id='word_1_67' title='bbox 1413 592 1481 644; x_wconf 87' lang='lat' dir='ltr'>qui</span> <span class='ocrx_word' id='word_1_68' title='bbox 1509 591 1712 647; x_wconf 83' lang='lat' dir='ltr'>diligentia</span> <span class='ocrx_word' id='word_1_69' title='bbox 1734 607 1780 632; x_wconf 89' lang='lat' dir='ltr'>ac</span> <span class='ocrx_word' id='word_1_70' title='bbox 1798 594 1992 647; x_wconf 83' lang='lat' dir='ltr'>patientia</span> 
     </span>
     <span class='ocr_line' id='line_1_8' title="bbox 539 640 1992 703; baseline 0.008 -26"><span class='ocrx_word' id='word_1_71' title='bbox 539 647 693 700; x_wconf 38' lang='lat' dir='ltr'>ceteros·</span> <span class='ocrx_word' id='word_1_72' title='bbox 714 640 914 681; x_wconf 86' lang='lat' dir='ltr'>mortaleis</span> <span class='ocrx_word' id='word_1_73' title='bbox 945 640 1122 698; x_wconf 88' lang='lat' dir='ltr'>superare</span> <span class='ocrx_word' id='word_1_74' title='bbox 1151 645 1359 692; x_wconf 84' lang='lat' dir='ltr'>videntur,</span> <span class='ocrx_word' id='word_1_75' title='bbox 1388 646 1449 687; x_wconf 87' lang='lat' dir='ltr'>sed</span> <span class='ocrx_word' id='word_1_76' title='bbox 1472 650 1652 690; x_wconf 89' lang='lat' dir='ltr'>omnibus</span> <span class='ocrx_word' id='word_1_77' title='bbox 1683 680 1693 696; x_wconf 92' lang='lat'>,</span> <span class='ocrx_word' id='word_1_78' title='bbox 1723 652 1862 703; x_wconf 89' lang='lat' dir='ltr'>quibus</span> <span class='ocrx_word' id='word_1_79' title='bbox 1893 649 1992 690; x_wconf 89' lang='lat' dir='ltr'>illud</span> 
     </span>
     <span class='ocr_line' id='line_1_9' title="bbox 538 695 1992 761; baseline 0.01 -27"><span class='ocrx_word' id='word_1_80' title='bbox 538 695 723 757; x_wconf 49' lang='lat' dir='ltr'>‚005me</span> <span class='ocrx_word' id='word_1_81' title='bbox 754 710 796 734; x_wconf 85' lang='lat' dir='ltr'>ne</span> <span class='ocrx_word' id='word_1_82' title='bbox 826 699 913 752; x_wconf 80' lang='lat' dir='ltr'>quid</span> <span class='ocrx_word' id='word_1_83' title='bbox 943 704 1081 747; x_wconf 77' lang='lat' dir='ltr'>nimis,</span> <span class='ocrx_word' id='word_1_84' title='bbox 1112 701 1342 756; x_wconf 88' lang='lat' dir='ltr'>plerumque</span> <span class='ocrx_word' id='word_1_85' title='bbox 1372 705 1486 744; x_wconf 88' lang='lat' dir='ltr'>nimis</span> <span class='ocrx_word' id='word_1_86' title='bbox 1513 706 1645 760; x_wconf 88' lang='lat' dir='ltr'>placet</span> <span class='ocrx_word' id='word_1_87' title='bbox 1674 734 1681 742; x_wconf 87' lang='lat'><strong>.</strong></span> <span class='ocrx_word' id='word_1_88' title='bbox 1715 707 1838 747; x_wconf 89' lang='lat' dir='ltr'>Satius</span> <span class='ocrx_word' id='word_1_89' title='bbox 1869 707 1992 761; x_wconf 81' lang='lat' dir='ltr'>igitur</span> 
     </span>
     <span class='ocr_line' id='line_1_10' title="bbox 534 749 1996 817; baseline 0.009 -28"><span class='ocrx_word' id='word_1_90' title='bbox 534 749 795 802; x_wconf 70' lang='lat' dir='ltr'>judicavimus</span> <span class='ocrx_word' id='word_1_91' title='bbox 826 769 886 794; x_wconf 87' lang='lat' dir='ltr'>eas</span> <span class='ocrx_word' id='word_1_92' title='bbox 905 756 1181 811; x_wconf 86' lang='lat' dir='ltr'>Ephemeridas</span> <span class='ocrx_word' id='word_1_93' title='bbox 1199 761 1322 801; x_wconf 90' lang='lat' dir='ltr'>modo</span> <span class='ocrx_word' id='word_1_94' title='bbox 1337 762 1520 801; x_wconf 88' lang='lat' dir='ltr'>omittere</span> <span class='ocrx_word' id='word_1_95' title='bbox 1536 792 1547 808; x_wconf 89' lang='lat'>‚</span> <span class='ocrx_word' id='word_1_96' title='bbox 1563 764 1601 802; x_wconf 89' lang='lat' dir='ltr'>in</span> <span class='ocrx_word' id='word_1_97' title='bbox 1619 762 1745 805; x_wconf 89' lang='lat' dir='ltr'>lucem</span> <span class='ocrx_word' id='word_1_98' title='bbox 1762 762 1895 817; x_wconf 89' lang='lat' dir='ltr'>postea</span> <span class='ocrx_word' id='word_1_99' title='bbox 1912 763 1996 802; x_wconf 85' lang='lat' dir='ltr'>edi-</span> 
     </span>
    </p>
   </div>
   <div class='ocr_carea' id='block_1_3' title="bbox 535 806 1994 905">
    <p class='ocr_par' dir='ltr' id='par_1_3' title="bbox 535 806 1994 905">
     <span class='ocr_line' id='line_1_11' title="bbox 535 806 1994 873; baseline 0.01 -28"><span class='ocrx_word' id='word_1_100' title='bbox 535 808 615 847; x_wconf 84' lang='lat' dir='ltr'>turi</span> <span class='ocrx_word' id='word_1_101' title='bbox 646 835 657 851; x_wconf 80' lang='lat'>,</span> <span class='ocrx_word' id='word_1_102' title='bbox 689 806 716 848; x_wconf 84' lang='lat' dir='ltr'>fi</span> <span class='ocrx_word' id='word_1_103' title='bbox 748 822 936 864; x_wconf 84' lang='lat' dir='ltr'>umquam</span> <span class='ocrx_word' id='word_1_104' title='bbox 966 816 1090 866; x_wconf 80' lang='lat' dir='ltr'>majus</span> <span class='ocrx_word' id='word_1_105' title='bbox 1123 828 1223 867; x_wconf 87' lang='lat' dir='ltr'>opus</span> <span class='ocrx_word' id='word_1_106' title='bbox 1254 816 1556 870; x_wconf 82' lang='lat' dir='ltr'>aggrediamur,</span> <span class='ocrx_word' id='word_1_107' title='bbox 1586 819 1647 858; x_wconf 88' lang='lat' dir='ltr'>vel</span> <span class='ocrx_word' id='word_1_108' title='bbox 1678 818 1811 873; x_wconf 86' lang='lat' dir='ltr'>aliquo</span> <span class='ocrx_word' id='word_1_109' title='bbox 1844 831 1994 873; x_wconf 87' lang='lat' dir='ltr'>provo-</span> 
     </span>
     <span class='ocr_line' id='line_1_12' title="bbox 535 876 691 905; baseline 0.013 -2"><span class='ocrx_word' id='word_1_110' title='bbox 535 876 691 905; x_wconf 89' lang='lat' dir='ltr'>cemur.</span> 
     </span>
    </p>
   </div>
   <div class='ocr_carea' id='block_1_4' title="bbox 921 994 1596 1041">
    <p class='ocr_par' dir='ltr' id='par_1_4' title="bbox 921 994 1596 1041">
     <span class='ocr_line' id='line_1_13' title="bbox 921 994 1596 1041; baseline 0.003 -3"><span class='ocrx_word' id='word_1_111' title='bbox 921 994 1457 1041; x_wconf 82' lang='lat' dir='ltr'><strong><em>APPENDIX</em></strong></span> <span class='ocrx_word' id='word_1_112' title='bbox 1519 997 1596 1041; x_wconf 88' lang='lat' dir='ltr'>II.</span> 
     </span>
    </p>
   </div>
   <div class='ocr_carea' id='block_1_5' title="bbox 48 1097 1990 2571">
    <p class='ocr_par' dir='ltr' id='par_1_5' title="bbox 531 1097 1990 1271">
     <span class='ocr_line' id='line_1_14' title="bbox 531 1097 1990 1201; baseline 0.005 -63"><span class='ocrx_word' id='word_1_113' title='bbox 531 1097 815 1201; x_wconf 80' lang='lat' dir='ltr'>QVoniam</span> <span class='ocrx_word' id='word_1_114' title='bbox 853 1101 972 1141; x_wconf 82' lang='lat' dir='ltr'>aestus</span> <span class='ocrx_word' id='word_1_115' title='bbox 1019 1105 1133 1143; x_wconf 84' lang='lat' dir='ltr'>maris</span> <span class='ocrx_word' id='word_1_116' title='bbox 1164 1108 1357 1145; x_wconf 86' lang='lat' dir='ltr'>rationem</span> <span class='ocrx_word' id='word_1_117' title='bbox 1390 1107 1602 1159; x_wconf 85' lang='lat' dir='ltr'>quamdam</span> <span class='ocrx_word' id='word_1_118' title='bbox 1645 1103 1786 1144; x_wconf 85' lang='lat' dir='ltr'>habere</span> <span class='ocrx_word' id='word_1_119' title='bbox 1832 1105 1990 1146; x_wconf 84' lang='lat' dir='ltr'>videtur</span> 
     </span>
     <span class='ocr_line' id='line_1_15' title="bbox 538 1157 1988 1216; baseline 0.006 -23"><span class='ocrx_word' id='word_1_120' title='bbox 538 1181 540 1187; x_wconf 87' lang='lat'><em>·</em></span> <span class='ocrx_word' id='word_1_121' title='bbox 659 1169 749 1195; x_wconf 87' lang='lat' dir='ltr'>cum</span> <span class='ocrx_word' id='word_1_122' title='bbox 780 1157 935 1200; x_wconf 88' lang='lat' dir='ltr'>ascensu</span> <span class='ocrx_word' id='word_1_123' title='bbox 965 1160 1007 1200; x_wconf 87' lang='lat'>&amp;</span> <span class='ocrx_word' id='word_1_124' title='bbox 1035 1158 1211 1201; x_wconf 85' lang='lat' dir='ltr'><strong>descensu</strong></span> <span class='ocrx_word' id='word_1_125' title='bbox 1243 1163 1493 1216; x_wconf 84' lang='lat' dir='ltr'>Hydrargyri</span> <span class='ocrx_word' id='word_1_126' title='bbox 1524 1164 1564 1201; x_wconf 87' lang='lat' dir='ltr'>in</span> <span class='ocrx_word' id='word_1_127' title='bbox 1595 1163 1827 1201; x_wconf 82' lang='lat' dir='ltr'>Barometro</span> <span class='ocrx_word' id='word_1_128' title='bbox 1857 1189 1868 1204; x_wconf 83' lang='lat'>‚</span> <span class='ocrx_word' id='word_1_129' title='bbox 1902 1161 1988 1202; x_wconf 90' lang='lat' dir='ltr'>heic</span> 
     </span>
     <span class='ocr_line' id='line_1_16' title="bbox 703 1216 1988 1271; baseline 0.006 -21"><span class='ocrx_word' id='word_1_130' title='bbox 703 1216 967 1265; x_wconf 86' lang='lat' dir='ltr'>apponendae</span> <span class='ocrx_word' id='word_1_131' title='bbox 996 1219 1117 1256; x_wconf 85' lang='lat' dir='ltr'>etiam</span> <span class='ocrx_word' id='word_1_132' title='bbox 1147 1217 1261 1258; x_wconf 84' lang='lat' dir='ltr'>essent</span> <span class='ocrx_word' id='word_1_133' title='bbox 1279 1219 1552 1271; x_wconf 86' lang='lat' dir='ltr'>Ephemerides</span> <span class='ocrx_word' id='word_1_134' title='bbox 1584 1219 1873 1257; x_wconf 83' lang='lat' dir='ltr'>Barometricae</span> <span class='ocrx_word' id='word_1_135' title='bbox 1911 1232 1988 1258; x_wconf 91' lang='lat' dir='ltr'>una</span> 
     </span>
    </p>

    <p class='ocr_par' dir='ltr' id='par_1_6' title="bbox 532 1267 1989 1328">
     <span class='ocr_line' id='line_1_17' title="bbox 532 1267 1989 1328; baseline 0.005 -22"><span class='ocrx_word' id='word_1_136' title='bbox 532 1281 624 1307; x_wconf 87' lang='lat' dir='ltr'>cum</span> <span class='ocrx_word' id='word_1_137' title='bbox 647 1267 997 1310; x_wconf 74' lang='lat' dir='ltr'>Thermemetricis</span> <span class='ocrx_word' id='word_1_138' title='bbox 1014 1301 1024 1316; x_wconf 91' lang='lat'>,</span> <span class='ocrx_word' id='word_1_139' title='bbox 1050 1275 1383 1324; x_wconf 81' lang='lat' dir='ltr'>quemadmodum</span> <span class='ocrx_word' id='word_1_140' title='bbox 1408 1273 1492 1313; x_wconf 88' lang='lat' dir='ltr'>fieri</span> <span class='ocrx_word' id='word_1_141' title='bbox 1519 1273 1616 1313; x_wconf 89' lang='lat' dir='ltr'>solet</span> <span class='ocrx_word' id='word_1_142' title='bbox 1633 1300 1642 1315; x_wconf 86' lang='lat'>‚</span> <span class='ocrx_word' id='word_1_143' title='bbox 1676 1283 1719 1312; x_wconf 90' lang='lat' dir='ltr'>ut</span> <span class='ocrx_word' id='word_1_144' title='bbox 1735 1273 1807 1312; x_wconf 86' lang='lat' dir='ltr'>hae</span> <span class='ocrx_word' id='word_1_145' title='bbox 1839 1272 1989 1328; x_wconf 88' lang='lat' dir='ltr'>semper</span> 
     </span>
    </p>

    <p class='ocr_par' dir='ltr' id='par_1_7' title="bbox 530 1325 1987 1378">
     <span class='ocr_line' id='line_1_18' title="bbox 530 1325 1987 1378; baseline 0.006 -16"><span class='ocrx_word' id='word_1_146' title='bbox 530 1338 608 1363; x_wconf 86' lang='lat' dir='ltr'>una</span> <span class='ocrx_word' id='word_1_147' title='bbox 634 1325 848 1378; x_wconf 83' lang='lat' dir='ltr'>jungantur</span> <span class='ocrx_word' id='word_1_148' title='bbox 874 1355 881 1362; x_wconf 89' lang='lat'><em>.</em></span> <span class='ocrx_word' id='word_1_149' title='bbox 914 1328 1060 1367; x_wconf 89' lang='lat' dir='ltr'>Verum</span> <span class='ocrx_word' id='word_1_150' title='bbox 1091 1326 1307 1370; x_wconf 84' lang='lat' dir='ltr'>fiMarinae</span> <span class='ocrx_word' id='word_1_151' title='bbox 1337 1330 1424 1370; x_wconf 89' lang='lat' dir='ltr'>illae</span> <span class='ocrx_word' id='word_1_152' title='bbox 1451 1329 1751 1370; x_wconf 82' lang='lat' dir='ltr'>Observationes</span> <span class='ocrx_word' id='word_1_153' title='bbox 1777 1328 1871 1369; x_wconf 89' lang='lat' dir='ltr'>licet</span> <span class='ocrx_word' id='word_1_154' title='bbox 1903 1345 1987 1371; x_wconf 84' lang='lat' dir='ltr'>rem</span> 
     </span>
    </p>

    <p class='ocr_par' dir='ltr' id='par_1_8' title="bbox 529 1383 1986 1438">
     <span class='ocr_line' id='line_1_19' title="bbox 529 1383 1986 1438; baseline 0.005 -18"><span class='ocrx_word' id='word_1_155' title='bbox 529 1394 629 1434; x_wconf 86' lang='lat' dir='ltr'>pene</span> <span class='ocrx_word' id='word_1_156' title='bbox 674 1396 819 1423; x_wconf 89' lang='lat' dir='ltr'>novam</span> <span class='ocrx_word' id='word_1_157' title='bbox 848 1383 1078 1425; x_wconf 86' lang='lat' dir='ltr'>exhibentes</span> <span class='ocrx_word' id='word_1_158' title='bbox 1110 1415 1120 1430; x_wconf 87' lang='lat'>‚</span> <span class='ocrx_word' id='word_1_159' title='bbox 1156 1385 1371 1438; x_wconf 87' lang='lat' dir='ltr'>legentibus</span> <span class='ocrx_word' id='word_1_160' title='bbox 1406 1386 1576 1426; x_wconf 88' lang='lat' dir='ltr'>multum</span> <span class='ocrx_word' id='word_1_161' title='bbox 1607 1384 1745 1425; x_wconf 83' lang='lat' dir='ltr'>fastidii</span> <span class='ocrx_word' id='word_1_162' title='bbox 1777 1398 1986 1432; x_wconf 87' lang='lat' dir='ltr'>crearent;</span> 
     </span>
    </p>

    <p class='ocr_par' dir='ltr' id='par_1_9' title="bbox 527 1438 1987 1489">
     <span class='ocr_line' id='line_1_20' title="bbox 527 1438 1987 1489; baseline 0.003 -12"><span class='ocrx_word' id='word_1_163' title='bbox 527 1438 623 1489; x_wconf 79' lang='lat' dir='ltr'>quid</span> <span class='ocrx_word' id='word_1_164' title='bbox 653 1452 733 1478; x_wconf 64' lang='lat' dir='ltr'>non&gt;</span> <span class='ocrx_word' id='word_1_165' title='bbox 763 1440 973 1481; x_wconf 86' lang='lat' dir='ltr'>dicendum</span> <span class='ocrx_word' id='word_1_166' title='bbox 999 1441 1046 1481; x_wconf 89' lang='lat' dir='ltr'>de</span> <span class='ocrx_word' id='word_1_167' title='bbox 1064 1443 1338 1482; x_wconf 86' lang='lat' dir='ltr'>Barometricis</span> <span class='ocrx_word' id='word_1_168' title='bbox 1370 1444 1413 1481; x_wconf 87' lang='lat'>&amp;</span> <span class='ocrx_word' id='word_1_169' title='bbox 1432 1442 1781 1482; x_wconf 83' lang='lat' dir='ltr'>Thermometricis</span> <span class='ocrx_word' id='word_1_170' title='bbox 1813 1441 1886 1482; x_wconf 90' lang='lat' dir='ltr'>istis</span> <span class='ocrx_word' id='word_1_171' title='bbox 1912 1444 1987 1483; x_wconf 92' lang='lat' dir='ltr'>ob-</span> 
     </span>
    </p>

    <p class='ocr_par' dir='ltr' id='par_1_10' title="bbox 528 1491 1985 1550">
     <span class='ocr_line' id='line_1_21' title="bbox 528 1491 1985 1550; baseline 0.004 -18"><span class='ocrx_word' id='word_1_172' title='bbox 528 1491 837 1541; x_wconf 64' lang='lat' dir='ltr'>servationibus,</span> <span class='ocrx_word' id='word_1_173' title='bbox 867 1510 965 1550; x_wconf 85' lang='lat' dir='ltr'>quae</span> <span class='ocrx_word' id='word_1_174' title='bbox 981 1499 1192 1538; x_wconf 89' lang='lat' dir='ltr'>Crambem</span> <span class='ocrx_word' id='word_1_175' title='bbox 1224 1502 1426 1539; x_wconf 71' lang='lat' dir='ltr'>recodtam</span> <span class='ocrx_word' id='word_1_176' title='bbox 1456 1498 1599 1539; x_wconf 83' lang='lat' dir='ltr'>olent?</span> <span class='ocrx_word' id='word_1_177' title='bbox 1631 1498 1850 1538; x_wconf 84' lang='lat' dir='ltr'>Eruditulus</span> <span class='ocrx_word' id='word_1_178' title='bbox 1881 1501 1985 1539; x_wconf 87' lang='lat' dir='ltr'>enim</span> 
     </span>
    </p>

    <p class='ocr_par' dir='ltr' id='par_1_11' title="bbox 527 1549 1986 1605">
     <span class='ocr_line' id='line_1_22' title="bbox 527 1549 1986 1605; baseline 0.003 -16"><span class='ocrx_word' id='word_1_179' title='bbox 527 1549 686 1605; x_wconf 88' lang='lat' dir='ltr'>quisque</span> <span class='ocrx_word' id='word_1_180' title='bbox 715 1553 754 1590; x_wconf 85' lang='lat' dir='ltr'>in</span> <span class='ocrx_word' id='word_1_181' title='bbox 770 1552 1020 1603; x_wconf 77' lang='lat' dir='ltr'>Philosophia</span> <span class='ocrx_word' id='word_1_182' title='bbox 1037 1582 1048 1596; x_wconf 94' lang='lat'>,</span> <span class='ocrx_word' id='word_1_183' title='bbox 1079 1566 1123 1591; x_wconf 89' lang='lat' dir='ltr'>ut</span> <span class='ocrx_word' id='word_1_184' title='bbox 1148 1555 1231 1592; x_wconf 85' lang='lat' dir='ltr'>aliis</span> <span class='ocrx_word' id='word_1_185' title='bbox 1247 1555 1386 1591; x_wconf 62' lang='lat' dir='ltr'>doetus</span> <span class='ocrx_word' id='word_1_186' title='bbox 1415 1555 1597 1591; x_wconf 80' lang='lat' dir='ltr'>videatur</span> <span class='ocrx_word' id='word_1_187' title='bbox 1612 1581 1622 1594; x_wconf 95' lang='lat'>,</span> <span class='ocrx_word' id='word_1_188' title='bbox 1654 1553 1680 1590; x_wconf 88' lang='lat' dir='ltr'>fi</span> <span class='ocrx_word' id='word_1_189' title='bbox 1698 1555 1752 1592; x_wconf 86' lang='lat' dir='ltr'>nil</span> <span class='ocrx_word' id='word_1_190' title='bbox 1770 1554 1877 1593; x_wconf 85' lang='lat' dir='ltr'>aliud</span> <span class='ocrx_word' id='word_1_191' title='bbox 1898 1555 1986 1593; x_wconf 78' lang='lat' dir='ltr'>scri-</span> 
     </span>
    </p>

    <p class='ocr_par' dir='ltr' id='par_1_12' title="bbox 527 1606 1986 1656">
     <span class='ocr_line' id='line_1_23' title="bbox 527 1606 1986 1656; baseline 0.002 -10"><span class='ocrx_word' id='word_1_192' title='bbox 527 1608 702 1647; x_wconf 89' lang='lat' dir='ltr'>bendum</span> <span class='ocrx_word' id='word_1_193' title='bbox 731 1608 872 1647; x_wconf 72' lang='lat' dir='ltr'>habeat</span> <span class='ocrx_word' id='word_1_194' title='bbox 889 1636 898 1650; x_wconf 89' lang='lat'>‚</span> <span class='ocrx_word' id='word_1_195' title='bbox 928 1609 1223 1648; x_wconf 74' lang='lat' dir='ltr'>Barometricas&#39;</span> <span class='ocrx_word' id='word_1_196' title='bbox 1240 1608 1283 1647; x_wconf 83' lang='lat'>&amp;</span> <span class='ocrx_word' id='word_1_197' title='bbox 1299 1606 1660 1648; x_wconf 88' lang='lat' dir='ltr'>Thermometricas</span> <span class='ocrx_word' id='word_1_198' title='bbox 1682 1608 1798 1648; x_wconf 89' lang='lat' dir='ltr'>tricas</span> <span class='ocrx_word' id='word_1_199' title='bbox 1823 1607 1957 1649; x_wconf 84' lang='lat' dir='ltr'>scribit</span> <span class='ocrx_word' id='word_1_200' title='bbox 1973 1639 1986 1656; x_wconf 92' lang='lat'>,</span> 
     </span>
    </p>

    <p class='ocr_par' dir='ltr' id='par_1_13' title="bbox 526 1662 1986 1719">
     <span class='ocr_line' id='line_1_24' title="bbox 526 1662 1986 1719; baseline 0.003 -16"><span class='ocrx_word' id='word_1_201' title='bbox 526 1674 571 1703; x_wconf 88' lang='lat' dir='ltr'>ut</span> <span class='ocrx_word' id='word_1_202' title='bbox 593 1664 716 1704; x_wconf 84' lang='lat' dir='ltr'>modo</span> <span class='ocrx_word' id='word_1_203' title='bbox 740 1663 845 1704; x_wconf 86' lang='lat' dir='ltr'>libris</span> <span class='ocrx_word' id='word_1_204' title='bbox 877 1663 1016 1704; x_wconf 88' lang='lat' dir='ltr'>harum</span> <span class='ocrx_word' id='word_1_205' title='bbox 1032 1664 1365 1705; x_wconf 83' lang='lat' dir='ltr'>Observationum</span> <span class='ocrx_word' id='word_1_206' title='bbox 1395 1662 1546 1706; x_wconf 88' lang='lat' dir='ltr'>refertis</span> <span class='ocrx_word' id='word_1_207' title='bbox 1576 1665 1692 1705; x_wconf 88' lang='lat' dir='ltr'>obrui</span> <span class='ocrx_word' id='word_1_208' title='bbox 1723 1664 1986 1719; x_wconf 86' lang='lat' dir='ltr'>quodammo-</span> 
     </span>
    </p>

    <p class='ocr_par' dir='ltr' id='par_1_14' title="bbox 525 1719 1984 1776">
     <span class='ocr_line' id='line_1_25' title="bbox 525 1719 1984 1776; baseline 0.003 -17"><span class='ocrx_word' id='word_1_209' title='bbox 525 1719 579 1759; x_wconf 92' lang='lat' dir='ltr'>do</span> <span class='ocrx_word' id='word_1_210' title='bbox 606 1720 808 1760; x_wconf 81' lang='lat' dir='ltr'>videamur</span> <span class='ocrx_word' id='word_1_211' title='bbox 826 1750 834 1759; x_wconf 93' lang='lat'><strong>.</strong></span> <span class='ocrx_word' id='word_1_212' title='bbox 866 1721 1000 1774; x_wconf 79' lang='lat' dir='ltr'>Qare</span> <span class='ocrx_word' id='word_1_213' title='bbox 1026 1720 1137 1762; x_wconf 89' lang='lat' dir='ltr'>hasce</span> <span class='ocrx_word' id='word_1_214' title='bbox 1166 1721 1352 1763; x_wconf 87' lang='lat' dir='ltr'>libentius</span> <span class='ocrx_word' id='word_1_215' title='bbox 1382 1722 1730 1776; x_wconf 85' lang='lat' dir='ltr'>praetermittimus</span> <span class='ocrx_word' id='word_1_216' title='bbox 1749 1749 1757 1758; x_wconf 85' lang='lat'><strong>·</strong></span> <span class='ocrx_word' id='word_1_217' title='bbox 1790 1722 1984 1764; x_wconf 81' lang='lat' dir='ltr'>Addimus</span> 
     </span>
    </p>

    <p class='ocr_par' dir='ltr' id='par_1_15' title="bbox 526 1777 1987 1832">
     <span class='ocr_line' id='line_1_26' title="bbox 526 1777 1987 1832; baseline 0.003 -15"><span class='ocrx_word' id='word_1_218' title='bbox 526 1787 661 1817; x_wconf 86' lang='lat' dir='ltr'>tamen</span> <span class='ocrx_word' id='word_1_219' title='bbox 676 1805 687 1820; x_wconf 93' lang='lat'>‚</span> <span class='ocrx_word' id='word_1_220' title='bbox 704 1777 808 1830; x_wconf 86' lang='lat' dir='ltr'>quod</span> <span class='ocrx_word' id='word_1_221' title='bbox 827 1779 869 1818; x_wconf 74' lang='grc' dir='ltr'>ὃ(</span> <span class='ocrx_word' id='word_1_222' title='bbox 886 1779 926 1817; x_wconf 89' lang='lat' dir='ltr'>in</span> <span class='ocrx_word' id='word_1_223' title='bbox 942 1778 1101 1819; x_wconf 86' lang='lat' dir='ltr'>Scholio</span> <span class='ocrx_word' id='word_1_224' title='bbox 1117 1777 1401 1832; x_wconf 81' lang='lat' dir='ltr'>Propositionis</span> <span class='ocrx_word' id='word_1_225' title='bbox 1419 1792 1498 1820; x_wconf 81' lang='lat' dir='ltr'>xu-</span> <span class='ocrx_word' id='word_1_226' title='bbox 1527 1780 1751 1821; x_wconf 87' lang='lat' dir='ltr'>notavimus</span> <span class='ocrx_word' id='word_1_227' title='bbox 1767 1810 1777 1825; x_wconf 91' lang='lat'>‚</span> <span class='ocrx_word' id='word_1_228' title='bbox 1808 1781 1987 1821; x_wconf 88' lang='lat' dir='ltr'>Barome-</span> 
     </span>
    </p>

    <p class='ocr_par' dir='ltr' id='par_1_16' title="bbox 526 1833 1984 1888">
     <span class='ocr_line' id='line_1_27' title="bbox 526 1833 1984 1888; baseline 0.002 -14"><span class='ocrx_word' id='word_1_229' title='bbox 526 1845 632 1874; x_wconf 88' lang='lat' dir='ltr'>trum</span> <span class='ocrx_word' id='word_1_230' title='bbox 662 1833 893 1887; x_wconf 85' lang='lat' dir='ltr'>plerumque</span> <span class='ocrx_word' id='word_1_231' title='bbox 921 1835 1027 1888; x_wconf 89' lang='lat' dir='ltr'>apud</span> <span class='ocrx_word' id='word_1_232' title='bbox 1056 1848 1124 1873; x_wconf 91' lang='lat' dir='ltr'>nos</span> <span class='ocrx_word' id='word_1_233' title='bbox 1153 1836 1275 1873; x_wconf 85' lang='lat' dir='ltr'>tribus</span> <span class='ocrx_word' id='word_1_234' title='bbox 1307 1835 1369 1874; x_wconf 81' lang='lat' dir='ltr'>vel</span> <span class='ocrx_word' id='word_1_235' title='bbox 1399 1845 1570 1886; x_wconf 88' lang='lat' dir='ltr'>quatuor</span> <span class='ocrx_word' id='word_1_236' title='bbox 1604 1836 1714 1874; x_wconf 89' lang='lat' dir='ltr'>lineis</span> <span class='ocrx_word' id='word_1_237' title='bbox 1732 1838 1839 1876; x_wconf 86' lang='lat' dir='ltr'>circa</span> <span class='ocrx_word' id='word_1_238' title='bbox 1855 1838 1984 1877; x_wconf 90' lang='lat' dir='ltr'>Novi-</span> 
     </span>
    </p>

    <p class='ocr_par' dir='ltr' id='par_1_17' title="bbox 526 1888 1981 1943">
     <span class='ocr_line' id='line_1_28' title="bbox 526 1888 1981 1943; baseline -0.001 -12"><span class='ocrx_word' id='word_1_239' title='bbox 526 1891 634 1931; x_wconf 84' lang='lat' dir='ltr'>lunia</span> <span class='ocrx_word' id='word_1_240' title='bbox 664 1890 707 1926; x_wconf 86' lang='lat'>&amp;</span> <span class='ocrx_word' id='word_1_241' title='bbox 736 1888 953 1929; x_wconf 90' lang='lat' dir='ltr'>Plenilunia</span> <span class='ocrx_word' id='word_1_242' title='bbox 969 1890 1165 1943; x_wconf 89' lang='lat' dir='ltr'>deprimi,</span> <span class='ocrx_word' id='word_1_243' title='bbox 1194 1889 1335 1930; x_wconf 89' lang='lat' dir='ltr'>deinde</span> <span class='ocrx_word' id='word_1_244' title='bbox 1353 1888 1470 1931; x_wconf 89' lang='lat' dir='ltr'>tolli,</span> <span class='ocrx_word' id='word_1_245' title='bbox 1495 1899 1540 1927; x_wconf 86' lang='lat' dir='ltr'>ut</span> <span class='ocrx_word' id='word_1_246' title='bbox 1568 1892 1683 1928; x_wconf 85' lang='lat' dir='ltr'>tertia</span> <span class='ocrx_word' id='word_1_247' title='bbox 1699 1889 1765 1928; x_wconf 87' lang='lat' dir='ltr'>illa</span> <span class='ocrx_word' id='word_1_248' title='bbox 1782 1891 1843 1928; x_wconf 89' lang='lat' dir='ltr'>die</span> <span class='ocrx_word' id='word_1_249' title='bbox 1861 1895 1981 1943; x_wconf 82' lang='lat' dir='ltr'>majo-</span> 
     </span>
    </p>

    <p class='ocr_par' dir='ltr' id='par_1_18' title="bbox 527 1943 1982 2000">
     <span class='ocr_line' id='line_1_29' title="bbox 527 1943 1982 2000; baseline -0.002 -11"><span class='ocrx_word' id='word_1_250' title='bbox 527 1949 576 1989; x_wconf 89' lang='lat' dir='ltr'>ris</span> <span class='ocrx_word' id='word_1_251' title='bbox 607 1943 745 1985; x_wconf 84' lang='lat' dir='ltr'>Aestus</span> <span class='ocrx_word' id='word_1_252' title='bbox 775 1943 861 1999; x_wconf 83' lang='lat' dir='ltr'>post</span> <span class='ocrx_word' id='word_1_253' title='bbox 875 1948 1187 2000; x_wconf 69' lang='lat' dir='ltr'>Conjundtiones</span> <span class='ocrx_word' id='word_1_254' title='bbox 1217 1945 1296 1987; x_wconf 87' lang='lat' dir='ltr'>fere</span> <span class='ocrx_word' id='word_1_255' title='bbox 1312 1945 1462 1999; x_wconf 88' lang='lat' dir='ltr'>semper</span> <span class='ocrx_word' id='word_1_256' title='bbox 1479 1946 1517 1985; x_wconf 87' lang='lat' dir='ltr'>in</span> <span class='ocrx_word' id='word_1_257' title='bbox 1536 1943 1738 1999; x_wconf 87' lang='lat' dir='ltr'>pristinum</span> <span class='ocrx_word' id='word_1_258' title='bbox 1765 1944 1907 1986; x_wconf 85' lang='lat' dir='ltr'>statum</span> <span class='ocrx_word' id='word_1_259' title='bbox 1923 1961 1982 1986; x_wconf 85' lang='lat' dir='ltr'>re-</span> 
     </span>
    </p>

    <p class='ocr_par' dir='ltr' id='par_1_19' title="bbox 527 2001 1979 2059">
     <span class='ocr_line' id='line_1_30' title="bbox 527 2001 1979 2059; baseline 0 -15"><span class='ocrx_word' id='word_1_260' title='bbox 527 2005 686 2059; x_wconf 83' lang='lat' dir='ltr'>digatur</span> <span class='ocrx_word' id='word_1_261' title='bbox 707 2032 718 2048; x_wconf 88' lang='lat'><strong>,</strong></span> <span class='ocrx_word' id='word_1_262' title='bbox 749 2003 789 2041; x_wconf 91' lang='lat' dir='ltr'>ni</span> <span class='ocrx_word' id='word_1_263' title='bbox 820 2004 941 2056; x_wconf 88' lang='lat' dir='ltr'>magis</span> <span class='ocrx_word' id='word_1_264' title='bbox 959 2004 1184 2044; x_wconf 81' lang='lat' dir='ltr'>attollatur.</span> <span class='ocrx_word' id='word_1_265' title='bbox 1210 2005 1359 2045; x_wconf 88' lang='lat' dir='ltr'>Verum</span> <span class='ocrx_word' id='word_1_266' title='bbox 1376 2013 1421 2042; x_wconf 91' lang='lat' dir='ltr'>ut</span> <span class='ocrx_word' id='word_1_267' title='bbox 1437 2002 1636 2042; x_wconf 84' lang='lat' dir='ltr'>Notitiam</span> <span class='ocrx_word' id='word_1_268' title='bbox 1653 2001 1864 2056; x_wconf 87' lang='lat' dir='ltr'>quamdam</span> <span class='ocrx_word' id='word_1_269' title='bbox 1890 2017 1979 2044; x_wconf 87' lang='lat' dir='ltr'>mo-</span> 
     </span>
    </p>

    <p class='ocr_par' dir='ltr' id='par_1_20' title="bbox 527 2059 1980 2115">
     <span class='ocr_line' id='line_1_31' title="bbox 527 2059 1980 2115; baseline -0.004 -13"><span class='ocrx_word' id='word_1_270' title='bbox 527 2072 640 2102; x_wconf 88' lang='lat' dir='ltr'>tuum</span> <span class='ocrx_word' id='word_1_271' title='bbox 671 2061 868 2112; x_wconf 83' lang='lat' dir='ltr'>majorum</span> <span class='ocrx_word' id='word_1_272' title='bbox 885 2061 1104 2102; x_wconf 88' lang='lat' dir='ltr'>Barometri</span> <span class='ocrx_word' id='word_1_273' title='bbox 1122 2092 1132 2107; x_wconf 90' lang='lat'>‚</span> <span class='ocrx_word' id='word_1_274' title='bbox 1162 2062 1231 2115; x_wconf 91' lang='lat' dir='ltr'>qui</span> <span class='ocrx_word' id='word_1_275' title='bbox 1260 2074 1329 2115; x_wconf 88' lang='lat' dir='ltr'>per</span> <span class='ocrx_word' id='word_1_276' title='bbox 1360 2059 1439 2100; x_wconf 94' lang='lat' dir='ltr'>hoc</span> <span class='ocrx_word' id='word_1_277' title='bbox 1472 2060 1780 2115; x_wconf 87' lang='lat' dir='ltr'>quinquennium</span> <span class='ocrx_word' id='word_1_278' title='bbox 1797 2061 1980 2115; x_wconf 69' lang='lat' dir='ltr'>contige-</span> 
     </span>
    </p>

    <p class='ocr_par' dir='ltr' id='par_1_21' title="bbox 528 2115 1978 2172">
     <span class='ocr_line' id='line_1_32' title="bbox 528 2115 1978 2172; baseline -0.002 -12"><span class='ocrx_word' id='word_1_279' title='bbox 528 2128 621 2160; x_wconf 87' lang='lat' dir='ltr'>runt</span> <span class='ocrx_word' id='word_1_280' title='bbox 637 2148 646 2163; x_wconf 86' lang='lat'>‚</span> <span class='ocrx_word' id='word_1_281' title='bbox 675 2116 946 2158; x_wconf 85' lang='lat' dir='ltr'>exhibeamus:</span> <span class='ocrx_word' id='word_1_282' title='bbox 977 2120 1081 2159; x_wconf 90' lang='lat' dir='ltr'>Dico</span> <span class='ocrx_word' id='word_1_283' title='bbox 1098 2119 1393 2164; x_wconf 90' lang='lat' dir='ltr'>Barometrum,</span> <span class='ocrx_word' id='word_1_284' title='bbox 1418 2115 1482 2157; x_wconf 84' lang='lat' dir='ltr'>seu</span> <span class='ocrx_word' id='word_1_285' title='bbox 1512 2117 1645 2157; x_wconf 86' lang='lat' dir='ltr'>melius</span> <span class='ocrx_word' id='word_1_286' title='bbox 1675 2116 1978 2172; x_wconf 86' lang='lat' dir='ltr'>Hydrargyrum</span> 
     </span>
    </p>

    <p class='ocr_par' dir='ltr' id='par_1_22' title="bbox 485 2172 1977 2231">
     <span class='ocr_line' id='line_1_33' title="bbox 485 2172 1977 2231; baseline -0.001 -15"><span class='ocrx_word' id='word_1_287' title='bbox 485 2216 491 2222; x_wconf 83' lang='grc'><strong>,</strong></span> <span class='ocrx_word' id='word_1_288' title='bbox 528 2179 568 2219; x_wconf 82' lang='lat' dir='ltr'>in</span> <span class='ocrx_word' id='word_1_289' title='bbox 585 2176 817 2214; x_wconf 87' lang='lat' dir='ltr'>Barometro</span> <span class='ocrx_word' id='word_1_290' title='bbox 845 2174 940 2215; x_wconf 88' lang='lat' dir='ltr'>stare</span> <span class='ocrx_word' id='word_1_291' title='bbox 969 2177 1073 2231; x_wconf 82' lang='lat' dir='ltr'>apud</span> <span class='ocrx_word' id='word_1_292' title='bbox 1101 2190 1169 2216; x_wconf 85' lang='lat' dir='ltr'>nos</span> <span class='ocrx_word' id='word_1_293' title='bbox 1185 2175 1416 2230; x_wconf 89' lang='lat' dir='ltr'>plerumque</span> <span class='ocrx_word' id='word_1_294' title='bbox 1431 2174 1481 2215; x_wconf 90' lang='lat' dir='ltr'>ad</span> <span class='ocrx_word' id='word_1_295' title='bbox 1496 2173 1747 2215; x_wconf 81' lang='lat' dir='ltr'>altitudinem</span> <span class='ocrx_word' id='word_1_296' title='bbox 1761 2172 1977 2228; x_wconf 87' lang='lat' dir='ltr'>digitorum</span> 
     </span>
    </p>

    <p class='ocr_par' dir='ltr' id='par_1_23' title="bbox 48 2222 1979 2402">
     <span class='ocr_line' id='line_1_34' title="bbox 48 2222 1976 2297; baseline -0.001 -24"><span class='ocrx_word' id='word_1_297' title='bbox 48 2237 244 2297; x_wconf 57' lang='lat' dir='ltr'>V&#39;·⁴1¹⁹s·¹·l&#39;</span> <span class='ocrx_word' id='word_1_298' title='bbox 261 2225 331 2286; x_wconf 62' lang='grc' dir='ltr'>-φί</span> <span class='ocrx_word' id='word_1_299' title='bbox 351 2251 371 2273; x_wconf 81' lang='grc' dir='ltr'><strong><em>η</em></strong></span> <span class='ocrx_word' id='word_1_300' title='bbox 388 2235 508 2269; x_wconf 63' lang='grc' dir='ltr'>κ’(ΛΙΥ</span> <span class='ocrx_word' id='word_1_301' title='bbox 528 2244 690 2274; x_wconf 79' lang='lat' dir='ltr'>xxv111·</span> <span class='ocrx_word' id='word_1_302' title='bbox 717 2230 979 2273; x_wconf 79' lang='lat' dir='ltr'>Parifienfium</span> <span class='ocrx_word' id='word_1_303' title='bbox 1006 2222 1180 2286; x_wconf 47' lang='lat' dir='ltr'>J&#39;Qiare</span> <span class='ocrx_word' id='word_1_304' title='bbox 1202 2232 1289 2274; x_wconf 91' lang='lat' dir='ltr'>heic</span> <span class='ocrx_word' id='word_1_305' title='bbox 1318 2235 1448 2273; x_wconf 89' lang='lat' dir='ltr'>minor</span> <span class='ocrx_word' id='word_1_306' title='bbox 1478 2231 1647 2271; x_wconf 84' lang='lat' dir='ltr'>altitudo</span> <span class='ocrx_word' id='word_1_307' title='bbox 1677 2231 1716 2269; x_wconf 91' lang='lat' dir='ltr'>in</span> <span class='ocrx_word' id='word_1_308' title='bbox 1746 2231 1976 2271; x_wconf 83' lang='lat' dir='ltr'>barometro</span> 
     </span>
     <span class='ocr_line' id='line_1_35' title="bbox 117 2286 1979 2343; baseline -0.004 -9"><span class='ocrx_word' id='word_1_309' title='bbox 117 2286 119 2291; x_wconf 17' lang='grc' dir='ltr'><em>Α</em></span> <span class='ocrx_word' id='word_1_310' title='bbox 146 2287 149 2296; x_wconf 48' lang='lat'><strong><em>¹</em></strong></span> <span class='ocrx_word' id='word_1_311' title='bbox 276 2286 283 2293; x_wconf 66' lang='grc'><em>’</em></span> <span class='ocrx_word' id='word_1_312' title='bbox 528 2289 702 2343; x_wconf 85' lang='lat' dir='ltr'>contigit</span> <span class='ocrx_word' id='word_1_313' title='bbox 738 2291 849 2329; x_wconf 88' lang='lat' dir='ltr'>nonis</span> <span class='ocrx_word' id='word_1_314' title='bbox 880 2290 1094 2331; x_wconf 82' lang='lat' dir='ltr'>Februariis</span> <span class='ocrx_word' id='word_1_315' title='bbox 1126 2305 1231 2330; x_wconf 86' lang='lat' dir='ltr'>anno</span> <span class='ocrx_word' id='word_1_316' title='bbox 1262 2300 1702 2331; x_wconf 78' lang='lat' dir='ltr'>c1o1occxxxvr1.</span> <span class='ocrx_word' id='word_1_317' title='bbox 1736 2286 1857 2328; x_wconf 82' lang='lat' dir='ltr'>flante</span> <span class='ocrx_word' id='word_1_318' title='bbox 1872 2286 1979 2327; x_wconf 83' lang='lat' dir='ltr'>Afri-</span> 
     </span>
     <span class='ocr_line' id='line_1_36' title="bbox 528 2343 1979 2402; baseline -0.004 -13"><span class='ocrx_word' id='word_1_319' title='bbox 528 2364 580 2389; x_wconf 90' lang='lat' dir='ltr'>co</span> <span class='ocrx_word' id='word_1_320' title='bbox 597 2375 607 2391; x_wconf 90' lang='lat'><strong><em>,</em></strong></span> <span class='ocrx_word' id='word_1_321' title='bbox 637 2344 697 2385; x_wconf 72' lang='lat' dir='ltr'>{eu</span> <span class='ocrx_word' id='word_1_322' title='bbox 710 2347 767 2387; x_wconf 88' lang='lat' dir='ltr'>Sw</span> <span class='ocrx_word' id='word_1_323' title='bbox 786 2375 796 2389; x_wconf 90' lang='lat'><em>,</em></span> <span class='ocrx_word' id='word_1_324' title='bbox 815 2348 902 2387; x_wconf 86' lang='lat' dir='ltr'>nive</span> <span class='ocrx_word' id='word_1_325' title='bbox 925 2348 968 2387; x_wconf 86' lang='lat'>&amp;</span> <span class='ocrx_word' id='word_1_326' title='bbox 995 2348 1128 2402; x_wconf 85' lang='lat' dir='ltr'>pluvia</span> <span class='ocrx_word' id='word_1_327' title='bbox 1154 2347 1319 2388; x_wconf 89' lang='lat' dir='ltr'>cadente</span> <span class='ocrx_word' id='word_1_328' title='bbox 1336 2375 1346 2390; x_wconf 79' lang='lat'>‚</span> <span class='ocrx_word' id='word_1_329' title='bbox 1376 2360 1474 2402; x_wconf 87' lang='lat' dir='ltr'>quae</span> <span class='ocrx_word' id='word_1_330' title='bbox 1495 2357 1580 2386; x_wconf 87' lang='lat' dir='ltr'>erat</span> <span class='ocrx_word' id='word_1_331' title='bbox 1611 2345 1660 2384; x_wconf 88' lang='lat' dir='ltr'>ad</span> <span class='ocrx_word' id='word_1_332' title='bbox 1677 2343 1824 2398; x_wconf 85' lang='lat' dir='ltr'>digitos</span> <span class='ocrx_word' id='word_1_333' title='bbox 1841 2357 1904 2392; x_wconf 90' lang='lat'>27.</span> <span class='ocrx_word' id='word_1_334' title='bbox 1934 2344 1979 2383; x_wconf 75' lang='grc' dir='ltr'>ὅτ.</span> 
     </span>
    </p>

    <p class='ocr_par' dir='ltr' id='par_1_24' title="bbox 530 2399 1980 2459">
     <span class='ocr_line' id='line_1_37' title="bbox 530 2399 1980 2459; baseline -0.001 -17"><span class='ocrx_word' id='word_1_335' title='bbox 530 2406 556 2447; x_wconf 91' lang='grc'>1.</span> <span class='ocrx_word' id='word_1_336' title='bbox 574 2419 612 2452; x_wconf 86' lang='lat'>4.</span> <span class='ocrx_word' id='word_1_337' title='bbox 645 2401 707 2443; x_wconf 88' lang='lat' dir='ltr'>sed</span> <span class='ocrx_word' id='word_1_338' title='bbox 723 2402 894 2459; x_wconf 88' lang='lat' dir='ltr'>Vespere</span> <span class='ocrx_word' id='word_1_339' title='bbox 923 2403 1091 2457; x_wconf 87' lang='lat' dir='ltr'>ejusdem</span> <span class='ocrx_word' id='word_1_340' title='bbox 1122 2406 1199 2446; x_wconf 91' lang='lat' dir='ltr'>diei</span> <span class='ocrx_word' id='word_1_341' title='bbox 1229 2406 1368 2446; x_wconf 89' lang='lat' dir='ltr'>nubilo</span> <span class='ocrx_word' id='word_1_342' title='bbox 1384 2403 1494 2444; x_wconf 87' lang='lat' dir='ltr'>caelo</span> <span class='ocrx_word' id='word_1_343' title='bbox 1513 2430 1522 2445; x_wconf 93' lang='lat'>‚</span> <span class='ocrx_word' id='word_1_344' title='bbox 1540 2403 1665 2442; x_wconf 90' lang='lat' dir='ltr'>circio</span> <span class='ocrx_word' id='word_1_345' title='bbox 1686 2432 1695 2446; x_wconf 92' lang='lat'>,</span> <span class='ocrx_word' id='word_1_346' title='bbox 1713 2400 1775 2442; x_wconf 88' lang='lat' dir='ltr'>seu</span> <span class='ocrx_word' id='word_1_347' title='bbox 1792 2403 1869 2441; x_wconf 88' lang='lat' dir='ltr'>Nw</span> <span class='ocrx_word' id='word_1_348' title='bbox 1884 2399 1980 2441; x_wconf 77' lang='lat' dir='ltr'>flan-</span> 
     </span>
    </p>

    <p class='ocr_par' dir='ltr' id='par_1_25' title="bbox 529 2458 1978 2523">
     <span class='ocr_line' id='line_1_38' title="bbox 529 2458 1978 2523; baseline -0.004 -20"><span class='ocrx_word' id='word_1_349' title='bbox 529 2474 572 2503; x_wconf 87' lang='lat' dir='ltr'>te</span> <span class='ocrx_word' id='word_1_350' title='bbox 587 2489 598 2507; x_wconf 89' lang='grc'>,</span> <span class='ocrx_word' id='word_1_351' title='bbox 627 2461 768 2502; x_wconf 83' lang='lat' dir='ltr'>lineam</span> <span class='ocrx_word' id='word_1_352' title='bbox 798 2475 917 2502; x_wconf 86' lang='lat' dir='ltr'>unam</span> <span class='ocrx_word' id='word_1_353' title='bbox 940 2460 1114 2503; x_wconf 66' lang='lat' dir='ltr'>ascendit</span> <span class='ocrx_word' id='word_1_354' title='bbox 1129 2493 1137 2502; x_wconf 92' lang='lat'><em>.</em></span> <span class='ocrx_word' id='word_1_355' title='bbox 1169 2461 1315 2503; x_wconf 84' lang='lat' dir='ltr'>Pluries</span> <span class='ocrx_word' id='word_1_356' title='bbox 1331 2475 1399 2517; x_wconf 87' lang='lat' dir='ltr'>per</span> <span class='ocrx_word' id='word_1_357' title='bbox 1418 2459 1495 2500; x_wconf 91' lang='lat' dir='ltr'>hoc</span> <span class='ocrx_word' id='word_1_358' title='bbox 1512 2459 1822 2514; x_wconf 85' lang='lat' dir='ltr'>quinquennium</span> <span class='ocrx_word' id='word_1_359' title='bbox 1851 2458 1900 2523; x_wconf 75' lang='lat' dir='ltr'>ad</span> <span class='ocrx_word' id='word_1_360' title='bbox 1920 2458 1978 2497; x_wconf 90' lang='lat' dir='ltr'>di-</span> 
     </span>
    </p>

    <p class='ocr_par' dir='ltr' id='par_1_26' title="bbox 1831 2527 1981 2571">
     <span class='ocr_line' id='line_1_39' title="bbox 1831 2527 1981 2571; baseline 0.013 -17"><span class='ocrx_word' id='word_1_361' title='bbox 1831 2527 1899 2571; x_wconf 75' lang='lat' dir='ltr'>git.</span> <span class='ocrx_word' id='word_1_362' title='bbox 1917 2528 1981 2562; x_wconf 90' lang='lat'>27·</span> 
     </span>
    </p>
   </div>
  </div>
 </body>
</html>
