2125 2915
427 191 895 233 APPENDIX
954 189 1274 231 PRIMA·
1535 198 1582 235 91

136 288 319 330 Sarmatis
336 286 408 326 illis
425 312 434 327 ,
466 284 504 324 id
518 282 596 323 ‘fiiit
613 313 622 328 ‚
639 284 730 337 quia
748 291 925 335 tempore
940 307 950 322 ‚
967 294 1048 334 quo
1064 277 1180 319 Liber
1194 290 1299 318 meus
1316 273 1488 315 venetiis
1505 273 1593 314 ede-

133 347 250 386 batur
280 375 291 390 ,
321 338 540 384 universam
572 339 770 393 Scythiam
800 339 1043 391 Europaeam
1072 333 1296 376 victricibus
1331 332 1446 371 armis
1480 328 1601 370 vasta-

136 414 229 443 runt
248 402 445 440 Sarmatae
462 395 518 436 illi
534 423 544 438 ,
561 398 603 436 ὃς
617 395 906 436 Oczacowium
924 395 962 432 in
979 393 1109 432 Ponto
1125 391 1275 431 Euxino
1294 416 1304 432 ‚
1336 388 1380 427 &
1396 385 1601 441 Asophum

136 459 184 498 ad
202 456 368 497 Tanaim
398 464 671 507 occuparunt,
701 464 820 506 quare
851 462 973 494 tunc,
1002 450 1044 487 &
1074 462 1143 502 per
1172 448 1346 487 Pontum
1377 444 1569 483 Euxinum
1589 469 1600 486 ,

136 512 452 564 Maeotidemque
467 508 654 549 Paludem
671 508 786 562 longe
802 506 955 559 lateque
972 504 1222 559 imperabant
1248 530 1256 538 ·
1290 500 1361 541 Sed
1380 513 1476 554 pace
1494 501 1602 540 dein-

138 570 185 611 de
210 583 301 609 cum
331 567 469 608 Turcis
501 567 600 606 inita
627 565 761 605 omnia
790 563 986 616 prioribus
1014 561 1197 601 Dominis
1226 557 1399 600 restituta
1422 555 1603 596 fuerunt.

194 624 390 666 XXXXVI.
422 623 508 679 Pag.
529 634 590 674 53.
620 623 716 662 linea
732 621 865 661 ultima
881 648 888 656 .
920 617 1136 657 Fatendum
1159 617 1198 654 in
1215 613 1441 655 Noviluniis
1459 614 1501 652 ὃς
1515 612 1601 653 Ple-

137 681 292 722 niluniis
310 709 320 726 ,
353 694 452 737 quae
478 680 717 731 contingunt
733 690 777 717 ea
804 674 896 714 luna
913 702 922 717 ,
952 687 1051 728 quae
1082 673 1263 728 proxime
1287 669 1455 724 sequitur
1473 667 1605 709 Solsti-

137 740 191 778 tia
206 766 215 781 ‚
234 738 412 778 accidere
429 739 591 789 majores
606 732 766 775 receffus
783 733 896 772 maris
913 746 936 771 a
959 729 1090 771 Terris
1107 727 1241 769 nostris
1259 728 1351 768 data
1371 727 1605 780 proportio-

138 808 184 834 ne
201 825 211 840 ,
226 808 346 846 quam
361 792 525 833 access'us
545 819 552 827 .
579 792 688 831 Mare
706 801 799 829 tunc
816 790 859 827 iis
878 788 1118 841 temporibus
1133 785 1297 826 cuilibet
1314 794 1422 838 patet
1438 785 1477 822 in
1494 781 1607 823 reflu-

136 864 188 889 xu
206 851 327 902 magis
349 848 530 890 recedere
546 861 568 887 a
583 847 712 887 Terris
729 860 739 888 ;
770 844 816 884 Id
832 845 950 884 etiam
966 843 1112 883 accidit
1131 845 1169 882 in
1184 838 1383 882 recessibus
1404 867 1413 881 ‚
1430 841 1497 893 qui
1511 853 1610 879 con-

139 907 298 958 tingunt
332 906 371 943 in
389 904 661 957 Aequinoctiis
681 929 691 944 ‚
724 899 787 941 sed
804 901 971 940 minores
987 898 1071 939 sunt
1103 898 1170 941 hi,
1201 911 1319 953 quam
1344 898 1384 935 in
1402 893 1578 937 Solstitiis
1600 924 1608 931 .

194 960 410 1002 XXXXVII.
439 961 524 1013 Pag.
546 965 611 999 61.
629 959 677 998 ad
693 958 867 998 Scholium
885 987 892 995 .
922 955 1177 1011 Aquistitium
1196 952 1433 995 notiffimum
1461 951 1513 991 est
1529 953 1607 992 Ve-

137 1019 250 1057 netiis
268 1047 277 1061 ‚
307 1018 350 1056 ὃς
382 1027 475 1057 tunc
492 1014 774 1056 Navicularum
805 1015 981 1053 vectores
1006 1015 1117 1064 ajunt
1142 1011 1350 1053 vernacula
1383 1023 1517 1049 eorum
1536 1008 1608 1047 lin-

139 1087 187 1126 ga
205 1089 213 1113 :
243 1074 275 1111 le
290 1076 407 1127 Aeque
428 1075 554 1112 Hanno
571 1076 607 1110 in
619 1072 701 1123 fede
717 1101 724 1109 .
755 1072 911 1110 Nautae
931 1084 1022 1110 vero
1038 1068 1155 1108 nostri
1172 1070 1304 1120 ajunt:
1337 1068 1367 1106 Ie
1384 1069 1503 1121 Acque
1516 1077 1608 1118 pun-

138 1141 246 1169 tano.
279 1129 411 1169 Aestus
432 1129 534 1168 enim
553 1130 722 1167 marinus
751 1126 920 1166 maxime
937 1127 1127 1166 conducit
1143 1125 1312 1164 Venetiis
1340 1124 1389 1162 ad
1420 1121 1610 1162 vehendas

137 1198 277 1238 parvas
303 1186 369 1224 illa
384 1185 556 1238 Cymbas
572 1214 581 1228 ‚
616 1182 679 1224 seu
705 1181 881 1222 Phaselos
908 1181 996 1221 illos
1015 1213 1025 1227 ,
1056 1182 1194 1235 quibus
1221 1178 1614 1218 incedunt-Venetia-

139 1254 225 1280 rum
257 1240 497 1280 habitatores
514 1253 584 1293 per
612 1240 762 1279 canales
778 1238 860 1278 suos
878 1266 888 1280 ,
923 1252 1013 1278 nam
1039 1236 1063 1277 si
1082 1247 1221 1276 contra
1246 1232 1396 1275 fluxum
1419 1247 1609 1287 aquarum

139 1296 334 1337 vehendae
351 1294 437 1336 sunt
454 1295 656 1336 naviculae
680 1295 766 1335 illae
778 1323 787 1338 ‚
806 1296 927 1348 magis
944 1293 1210 1348 defatigantur
1228 1294 1403 1333 vestores
1422 1318 1431 1333 ‚
1450 1304 1568 1344 quam
1584 1288 1610 1329 fi

137 1354 242 1406 aquis
268 1350 436 1393 secundis
458 1351 650 1392 vehantur
667 1382 674 1390 .
705 1350 880 1404 Qando
896 1349 948 1389 est
963 1352 1167 1404 Aquarum
1184 1363 1294 1388 mora
1314 1376 1323 1390 ‚
1358 1346 1418 1389 seu
1436 1346 1611 1402 Aquisti-

138 1410 348 1451 tium‚tunc
360 1409 535 1463 Cymbae
552 1408 763 1448 commode
780 1409 819 1446 in
831 1420 1118 1461 quamcumque
1131 1416 1281 1461 partem
1298 1407 1411 1445 remis
1428 1415 1608 1458 aguntur.

195 1465 425 1505 XXXXVHI.
459 1466 543 1522 Pag.
562 1471 626 1516 63-
661 1464 793 1504 Verba
809 1465 904 1504 haec
929 1477 1028 1517 pene,
1055 1464 1189 1503 omnia
1206 1463 1245 1501 in
1265 1462 1343 1502 hoc
1361 1461 1520 1501 Scholio
1536 1474 1609 1514 po-

136 1519 205 1560 lita
238 1523 285 1561 de
318 1523 526 1560 immutata
556 1522 671 1558 maris
700 1520 909 1559 altitudine
942 1522 980 1558 in
1010 1519 1193 1571 procellis
1229 1516 1503 1559 exscribuntur
1526 1547 1536 1561 ‚
1568 1520 1611 1558 &

138 1578 409 1630 approbantur
441 1590 463 1614 a
479 1577 593 1615 Petro
611 1574 840 1614 Tabarrano
865 1574 918 1612 M.
938 1576 987 1614 D.
1003 1576 1045 1613 ὃ(
1075 1574 1196 1613 modo
1212 1575 1429 1613 Anatomes
1458 1573 1609 1615 Profes-

139 1629 222 1671 sore
240 1633 278 1670 in
295 1628 443 1672 Senensi
463 1631 677 1670 Academia
694 1659 704 1674 ‚
721 1631 851 1669 amico
882 1629 1016 1670 nostro
1032 1659 1042 1674 ‚
1072 1631 1112 1668 in
1137 1629 1239 1668 libro
1266 1629 1522 1682 apologetico
1554 1631 1605 1670 ab

137 1703 185 1728 eo
204 1686 349 1729 Pisauri
364 1686 439 1728 fine
469 1688 626 1726 nomine
658 1686 764 1733 edito
794 1699 898 1725 anno
914 1683 1113 1725 millesimo
1141 1683 1481 1737 septingentefimo
1511 1701 1610 1740 qua-

138 1742 355 1798 dragesimo
386 1745 516 1799 primo
550 1740 751 1782 occasione
777 1739 1063 1782 controverfiae
1095 1741 1142 1783 de
1171 1738 1356 1783 recisione
1388 1741 1526 1794 sylvae
1558 1742 1608 1782 ad

142 1802 257 1840 Viam
280 1801 449 1852 Regiam
466 1800 505 1838 in
530 1799 683 1837 ditione
700 1795 881 1837 Lucenfi.

194 1853 446 1895 XXXXVHII.
480 1853 562 1891 Lin.
590 1865 654 1892 20.
682 1863 763 1907 pag.
782 1859 842 1892 80.
872 1853 1068 1906 Appendice
1086 1851 1130 1890 11.
1162 1852 1399 1893 Observatio
1433 1852 1527 1892 haec
1556 1855 1604 1894 de

138 1908 375 1965 depressione
391 1910 612 1949 Barometri
640 1908 872 1948 exscribitur
903 1910 998 1955 item
1014 1939 1025 1954 ,
1056 1909 1098 1947 ὃς
1114 1910 1360 1964 approbatur
1376 1923 1397 1947 a
1415 1909 1607 1951 Tabarra-

140 1980 190 2006 no
207 1968 247 2005 in
267 1966 369 2006 libro
394 1967 520 2005 citato
537 1979 625 2019 pag.
644 1962 960 2018 quinquagesima
976 1967 1103 2020 prima
1121 1993 1127 2001 -
1515 1991 1518 1994 -

201 2022 243 2060 L·
275 2022 361 2077 Pag.
380 2036 442 2068 70.
467 2020 767 2062 Observationes
798 2019 916 2062 factas
947 2021 1273 2063 aMathematicis
1302 2021 1603 2064 Bononienfibus

141 2080 246 2118 circa
269 2077 394 2119 lutum
424 2080 464 2118 in
490 2092 615 2132 parvo
632 2076 772 2116 Rheno
803 2089 1039 2117 contentum
1065 2081 1241 2119 narravit
1277 2079 1375 2119 mihi
1406 2080 1608 2120 Bernardi-

143 2149 209 2175 nus
229 2134 436 2176 Zendrinus
453 2135 506 2174 M.
526 2137 574 2174 D.
592 2136 634 2174 &
657 2133 918 2186 Reipublicae
935 2135 1105 2175 Venetae
1123 2135 1426 2176 Mathematicus
1457 2139 1604 2177 amicus

144 2190 265 2231 noster
291 2192 386 2232 dum
416 2194 566 2233 viveret
596 2218 606 2233 ‚
638 2191 705 2244 qui
730 2188 907 2229 interfuit
934 2189 1268 2233 observationibus
1298 2191 1373 2232 illis
1392 2223 1401 2237 ‚
1433 2206 1493 2232 cas
1528 2208 1606 2233 non

144 2246 247 2287 fuiffe
266 2247 471 2302 diligenter
501 2248 638 2288 sumtas
656 2275 665 2289 ,
698 2247 741 2285 &
757 2258 937 2287 accurate
955 2246 1074 2288 saetas
1092 2277 1102 2291 ‚
1135 2247 1194 2289 sed
1212 2248 1498 2289 existimatione
1522 2262 1606 2290 tan-

144 2313 226 2342 tum
251 2304 452 2343 arbitraria
469 2335 478 2349 ‚
507 2307 550 2345 &
576 2318 653 2344 non
685 2317 732 2343 ex
762 2301 1005 2357 depositione
1027 2307 1127 2346 Limi
1144 2337 1153 2350 ,
1183 2307 1226 2344 &
1244 2320 1293 2345 ex
1323 2308 1604 2359 evaporatione

144 2361 280 2412 Aquae
297 2375 306 2403 ;
338 2361 471 2413 Qare
490 2361 543 2400 nil
569 2363 711 2401 mirum
728 2357 753 2399 fi
770 2370 921 2399 tantum
936 2375 958 2399 a
975 2375 1067 2401 vero
1091 2363 1321 2402 aberrarunt
1340 2390 1349 2404 ‚
1386 2375 1429 2400 ut
1447 2363 1576 2402 Limus
1589 2390 1599 2405 ,

144 2418 209 2470 qui
227 2429 315 2469 pars
335 2416 404 2456 effe
434 2415 529 2456 soler
547 2417 679 2457 saltem
703 2415 1020 2471 decimaseptima
1048 2421 1087 2458 in
1103 2433 1202 2472 aqua
1221 2418 1375 2458 turbida
1392 2416 1603 2459 fluviorum

936 2474 978 2512 M
1009 2487 1031 2513 2
1487 2489 1604 2515 exun-
