2125 2915
454 187 917 231 APPENDIX
975 183 1288 227 PRIMA.
1548 191 1591 236 ὃς

143 274 240 317 stim
257 274 426 315 Nautilis
455 275 675 328 hujusmodi
701 275 870 314 minimis
897 271 970 313 fint
994 268 1260 313 refertiffima,
1292 280 1337 310 ut
1362 269 1535 310 dicemus
1560 271 1600 309 in

145 334 328 374 uberiore
359 329 623 386 descriptione
659 330 770 384 hujus
803 329 1049 384 Amygdalae
1079 356 1089 370 ,
1133 329 1176 368 &
1201 327 1375 367 Partium
1402 324 1597 378 ejusdem,

146 402 244 442 quae
273 390 404 429 omnia
428 388 610 429 delineari
634 389 853 429 curavimus
880 389 921 426 in
946 385 1120 426 Secunda
1134 383 1368 438 Appendice
1397 381 1510 435 hujus
1535 383 1600 422 Li-

145 445 206 484 bri
222 445 317 484 Tab.
335 445 402 485 XI.

205 500 299 540 VHI.
333 501 418 556 Pag.
442 516 500 543 12.
534 503 617 558 Cap.
636 502 717 542 1111.
744 503 951 557 plerumque
979 503 1247 555 marginatum.
1278 499 1496 552 Marginem
1520 510 1601 536 non

146 556 409 612 exprefferunt
441 561 590 614 priores
621 573 763 614 operae
792 556 942 597 nostrae
972 554 1227 596 Bononienles
1257 552 1322 608 fig.
1347 555 1417 594 ΠΙ.
1447 553 1544 593 Tab.
1568 555 1599 593 Ι.

145 612 261 665 hujus
277 612 413 654 Testae
429 642 439 658 ‚
468 614 530 655 sed
546 630 634 656 eum
657 615 759 654 vidit
780 612 1038 653 Ferdinandus
1055 609 1193 651 Bassius
1224 612 1261 649 in
1292 608 1601 662 hujusmodiTe-

144 667 204 708 :stis
234 667 422 710 foffilibus
440 672 538 723 Agri
554 668 800 711 Bononiensis
818 698 827 714 ‚
861 679 904 708 ut
925 667 1021 709 mihi
1039 668 1176 707 retulit
1192 693 1203 709 ‚
1234 668 1276 706 &
1291 665 1460 706 ostendit
1476 681 1486 710 ;
1508 668 1604 706 item

144 739 234 766 eum
253 726 351 765 vidit
367 728 406 765 in
436 725 622 767 foffilibus
641 728 819 780 Liguriae
849 724 935 765 suae
951 753 962 768 ‚
994 738 1111 777 quam
1126 722 1460 763 Pedemontanam
1484 722 1606 762 modo

145 791 293 821 vocant
309 809 318 823 ‚
351 783 516 822 Carolus
533 783 728 822 Allionius
760 782 979 821 Medicinae
1004 781 1162 820 Doc‘tor
1178 780 1340 819 Amicus
1357 808 1367 822 ,
1398 780 1440 818 ὃς
1467 779 1609 818 Fautor

143 835 272 876 noster
289 867 299 881 ‚
329 848 374 876 ut
388 837 554 877 diximus
572 865 580 872 ·
613 839 659 877 In
679 838 900 877 Sedimento
925 835 1057 876 nostro
1074 837 1252 877 inventus
1283 834 1335 874 est
1350 848 1446 874 unus
1470 849 1519 874 ex
1547 835 1604 874 his

145 891 322 930 Nautilis
337 895 608 946 magnitudine
631 894 776 946 Lupini
791 893 955 933 minoris
973 920 983 935 ‚
1014 893 1082 945 qui
1098 890 1183 931 sane
1201 890 1250 930 ad
1280 905 1337 931 res
1353 892 1530 930 minimas
1546 904 1606 930 re-

143 945 323 986 ferendus
355 961 432 987 non
450 960 560 988 erat·
593 947 769 1002 Ejusdem
792 947 871 989 fere
897 948 1173 1002 magnitudinis
1189 978 1200 993 ‚
1232 945 1293 987 sed
1323 945 1483 988 foffilem
1507 945 1605 986 misit

144 1002 194 1042 ad
218 1017 280 1043 me
298 1003 494 1043 Allionius
512 1033 523 1048 ‚
552 1017 667 1056 quem
700 1005 871 1057 exprimi
901 1005 1036 1045 curavi
1067 1018 1089 1043 a
1117 1005 1276 1043 Batarra
1304 1001 1432 1042 nostro
1461 1003 1604 1043 Tab.I.

145 1056 208 1111 fig.
228 1060 337 1099 XIII·
360 1059 427 1099 sub
458 1060 624 1100 litteraz
649 1061 820 1103 minori,
852 1063 895 1101 ὃς
925 1059 1114 1115 expreffus
1145 1059 1217 1099 fuit
1244 1061 1362 1110 vitro,
1382 1061 1514 1099 auctus
1540 1057 1606 1099 sub

143 1113 278 1153 littera
294 1116 333 1154 Z.
363 1116 486 1167 quiin
518 1126 687 1171 utroque
717 1116 910 1157 schemate
940 1126 1108 1170 apparet
1137 1119 1379 1169 marginatus
1400 1143 1408 1150 .
1441 1116 1543 1153 Item
1562 1113 1606 1153 fi-

147 1184 246 1223 gura
263 1170 351 1209 XII.
382 1170 448 1212 sub
465 1173 620 1213 Litteris
649 1175 681 1214 S.
697 1175 744 1213 V.
761 1173 808 1212 T.
832 1171 996 1227 expressi
1026 1171 1182 1211 fuerunt
1205 1185 1338 1210 omnes
1367 1171 1575 1223 marginati
1592 1198 1603 1212 ‚

145 1227 310 1265 &vitro
327 1229 432 1268 aucti
449 1258 459 1272 ,
489 1227 553 1268 sed
575 1231 642 1282 qui
670 1227 736 1268 sub
752 1229 899 1267 Littera
915 1229 959 1265 V.
978 1227 1053 1265 fuit
1081 1224 1275 1278 expressus
1290 1255 1300 1270 ‚
1329 1227 1409 1277 ejus
1432 1225 1605 1280 aspedtus

146 1279 200 1320 est
229 1282 267 1321 in
286 1282 426 1329 dorso,
458 1295 503 1323 ut
529 1283 736 1325 umbilicus
767 1283 950 1336 utrinque
967 1291 1147 1321 cernatur
1164 1312 1173 1320 .
1201 1280 1363 1336 Reliqui
1391 1282 1469 1322 duo
1498 1293 1607 1322 utro-

148 1350 225 1390 que
251 1336 408 1392 aspec‘tu
433 1351 647 1382 cernuntur
664 1372 672 1379 .

209 1394 270 1434 IX.
303 1395 388 1450 Pag.
413 1410 469 1448 13.
497 1397 579 1452 Cap.
600 1398 637 1437 V.
669 1397 826 1450 Operae
856 1394 1005 1436 nostrae
1034 1393 1288 1436 Bononienses
1319 1397 1411 1435 item
1438 1409 1517 1435 non
1547 1409 1609 1436 ex-

148 1450 363 1505 prefferunt
384 1455 600 1507 marginem
633 1456 671 1493 in
686 1453 852 1493 Nautilo
880 1452 1012 1493 nostro
1027 1453 1187 1504 Quarto
1204 1482 1214 1496 ‚
1245 1465 1358 1505 quem
1383 1462 1513 1492 tamen
1541 1463 1607 1491 ex-

146 1504 280 1558 preffit
303 1510 527 1549 Gualterius
544 1510 641 1550 Tab.
659 1510 765 1548 XIX.
792 1509 937 1547 Indicis
967 1509 1020 1548 sui
1050 1507 1117 1548 sub
1143 1510 1289 1547 Littera
1317 1510 1351 1548 C
1379 1510 1463 1547 Nos
1488 1508 1609 1547 modo

148 1564 318 1614 exprimi
346 1565 564 1602 curavimus
591 1566 631 1602 in
656 1563 807 1603 duobus
826 1562 1095 1603 Schematibus
1126 1563 1266 1602 additis
1298 1562 1365 1602 [ub
1380 1564 1537 1603 Litteris
1555 1563 1623 1616 Q

147 1616 190 1654 ὃς
206 1617 256 1655 R.
271 1617 406 1657 eadem
423 1619 519 1659 Tab.
536 1620 566 1659 Ι.
583 1617 644 1671 fig.
661 1619 726 1658 XI.

207 1672 251 1711 X·
284 1673 370 1727 Pag.
403 1688 458 1721 14-
487 1675 570 1728 Cap.
591 1675 647 1714 VI.
681 1674 854 1727 Qando
885 1675 1058 1728 primum
1094 1674 1221 1713 editus
1247 1673 1319 1714 fuit
1335 1677 1449 1715 Liber
1478 1689 1611 1722 meus,

149 1729 334 1782 ignotum
361 1730 459 1785 mihi
475 1740 567 1769 tunc
584 1741 669 1769 erat
685 1760 695 1774 ,
710 1745 732 1770 a
748 1730 916 1784 Breynio
931 1729 1112 1783 Testacea
1128 1728 1261 1779 fossilia
1278 1732 1314 1769 in
1330 1731 1442 1784 plura
1466 1731 1612 1771 locula-

150 1795 284 1824 menta
313 1784 460 1827 divisa&
491 1784 964 1836 sedeere&a-;.ap1ael;lat·a
996 1785 1098 1824 fuiffe
1122 1785 1427 1831 Or-thoceratia,
1457 1785 1611 1838 [εξ-ΩΙ·-

150 1840 403 1884 τῇοςςῑειῐίῐὶει
419 1870 426 1876 .
458 1839 593 1890 Qare
608 1838 721 1890 hujus
745 1841 892 1892 generis
908 1838 1038 1879 Testas
1059 1841 1209 1879 nativas
1225 1873 1233 1883 ,
1263 1854 1356 1893 quas
1371 1855 1445 1894 ego
1462 1845 1610 1896 primus

148 1896 190 1934 in
206 1893 417 1934 sedimento
432 1895 597 1936 Littoris
621 1893 740 1934 nostri
756 1894 885 1936 detexi
915 1896 1075 1936 Cornua
1102 1895 1333 1935 Hammonis
1349 1899 1478 1937 erecta
1492 1912 1609 1939 voca-

150 1950 192 1990 vi
214 1977 223 1991 ‚
253 1962 298 1990 ut
328 1950 378 1990 ad
407 1949 617 2005 ipsummet
634 1951 842 2005 Breynium
872 1949 998 2005 scripsi
1026 1952 1193 2007 Epistola
1224 1954 1262 1991 in
1278 1954 1547 1994 Annotatione
1562 1956 1609 1994 V.

151 2007 274 2045 citata
290 2034 300 2049 ,
330 2007 372 2045 &
389 2008 429 2047 in
444 2005 682 2049 Adversariis
708 2007 782 2046 illis
796 2006 1026 2048 Lucenfibus
1043 2010 1149 2049 edita
1166 2024 1253 2063 pag.
1269 2023 1363 2049 200.
1380 2010 1423 2048 ὃς
1451 2009 1608 2064 sequen-

156 2062 284 2101 tibus.
317 2063 554 2104 Orthoceras
579 2064 684 2103 enim
713 2078 851 2118 graece
868 2065 1021 2119 Breynii
1051 2065 1153 2105 idem
1182 2065 1234 2105 est
1250 2080 1295 2105 ac
1327 2080 1455 2106 meum
1472 2069 1609 2107 Cornu

156 2121 355 2165 ereetum,
387 2133 433 2161 ut
462 2120 615 2174 linguae
646 2134 807 2173 graecae
832 2122 950 2175 periti
978 2133 1146 2162 norunt.
1177 2124 1221 2162 In
1240 2124 1442 2163 Montibus
1474 2123 1609 2164 Italiae

155 2173 304 2215 nostrae
327 2191 445 2231 genus
477 2178 553 2217 hoc
579 2178 748 2231 primum
765 2176 1072 2218 Orthoceratitis
1102 2176 1223 2219 fossile
1253 2192 1450 2234 repertum
1480 2178 1608 2219 adhuc

156 2243 236 2270 non
263 2232 360 2275 suit,
391 2232 451 2273 sed
478 2236 623 2288 reperit
654 2231 928 2274 sollertissimus
946 2236 1130 2289 Breynius
1158 2237 1196 2274 in
1213 2237 1414 2276 Montibus
1444 2234 1609 2276 Pruffiae

158 2284 244 2326 suae
261 2303 383 2343 prope
400 2291 604 2330 Gedanum
621 2321 631 2335 ,
662 2289 767 2343 quod
787 2304 974 2344 perquam
991 2289 1110 2333 simile
1126 2291 1179 2332 est
1193 2291 1283 2331 huic
1309 2291 1437 2333 nostro
1454 2293 1610 2335 nativo,

161 2345 267 2394 quod
295 2348 461 2398 exprimi
489 2349 621 2388 curavi
647 2347 683 2385 in
701 2346 1047 2389 Adversariisillis
1064 2347 1294 2388 Lucenfibus
1318 2363 1404 2402 pag.
1428 2356 1514 2394 184.
1545 2346 1612 2389 sub

160 2399 310 2440 Littera
327 2403 374 2440 A.
392 2403 434 2442 ὃ(
451 2404 490 2443 Β.
508 2403 748 2445 Orthoceras
764 2402 842 2444 hoc
860 2402 962 2459 quasi
986 2418 1034 2446 ex
1050 2405 1218 2459 globulis
1233 2403 1495 2460 compofitum
1511 2402 1612 2444 dixit

158 2455 340 2510 Breynius
357 2488 363 2496 .
1371 2461 1433 2500 XI·
1452 2460 1604 2515 Pag.15.
