2145 2910
467 196 1313 242 AESTVSMARITIMI
1559 217 1607 256 53

604 297 1187 340 SCHO'LIVM.

174 405 278 491 H
295 403 371 444 vic
399 402 536 444 itidem
567 403 828 458 propositioni
846 402 899 442 nil
919 402 994 445 fere
1012 404 1235 446 addendum
1260 406 1444 447 habemus
1463 434 1471 443 ·
1490 408 1600 448 Dici-

311 474 392 499 mus
424 470 574 501 tantum
606 475 676 514 per
702 458 985 502 observationes
1017 462 1324 516 quamplurimas
1355 466 1600 517 cognovisse,

178 521 293 559 tertia
322 517 383 556 die
415 516 500 570 post
529 518 773 558 novilunium
797 544 807 558 ,
837 518 876 556 &
904 515 992 569 post
1021 518 1279 571 plenilunium
1312 518 1457 574 semper
1486 521 1603 561 aestus

174 578 341 628 majores
367 570 497 619 fuiffe‚
527 574 570 613 ὃς
598 574 718 627 dupla
745 572 848 616 fere,
880 584 924 613 ut
955 574 1124 614 diximus
1143 605 1152 619 ‚
1183 577 1362 620 ratione,
1394 591 1438 616 ac
1455 578 1495 616 in
1511 592 1603 631 qua-

172 632 339 672 draturis
358 656 365 665 ·

546 725 1083 769 PROPOSITIO
1141 728 1246 770 III.

171 837 278 886 Dies
315 838 402 902 ipse
444 834 714 884 solstitiorum
747 866 761 890 ,
813 837 878 884 vel
929 838 1293 901 aequinodiiorum
1332 824 1601 888 nil'confert

240 916 295 963 ad
332 920 535 976 majorem
566 916 965 971 imumesoendam,
1002 917 1066 964 vel
1085 909 1462 967 detumescentiam
1506 938 1598 967 ma-

240 998 295 1044 ris
322 1027 336 1050 ,
372 998 441 1044 sed
475 1015 523 1044 ea
553 996 675 1051 luna,
713 1014 822 1061 quae
853 997 1025 1045 solstitia
1051 1027 1065 1051 ,
1100 997 1164 1045 vel
1201 1001 1465 1064 aequinocstia
1500 1016 1593 1064 pro-

239 1079 352 1124 xime
381 1079 597 1140 sequitur,
633 1077 728 1142 plus
764 1095 878 1126 mare
912 1077 1098 1126 elevatur
1132 1108 1145 1133 ³
1179 1081 1224 1126 &
1250 1082 1345 1148 plus
1385 1082 1591 1148 deprimi<

243 1172 343 1212 tur,
381 1176 513 1222 quam
548 1161 591 1209 in
620 1159 790 1224 reliquis
835 1159 1148 1210 lunationibus.
1233 1150 1525 1230 (4'747913'1'92'
1554 1153 1672 1205 ⁷¹·4‘0s

589 1300 1183 1345 S„CHOL1VM.

162 1411 334 1498 ΝΠ,
364 1411 490 1466 ipsum
521 1410 858 1468 aequinoctiorum
883 1444 894 1459 ,
926 1414 988 1455 vel
1017 1413 1270 1456 solstitiorum
1301 1415 1404 1455 diem
1436 1416 1485 1456 ad
1516 1431 1597 1456 ma-

289 1469 338 1507 ris
377 1468 518 1510 aestum
557 1470 733 1511 conferre
774 1471 918 1523 pluries
956 1472 1247 1525 exploravimus
1291 1495 1299 1507 ι
1339 1472 1454 1513 Tunc
1493 1475 1596 1513 enim

163 1540 268 1566 maie
299 1524 399 1577 leges
435 1525 644 1566 lunationis
684 1525 891 1579 praesentis
931 1541 1114 1567 accurate
1155 1528 1323 1582 sequitur
1359 1555 1367 1564 .
1406 1529 1541 1580 Qlare
1571 1527 1596 1568 fi

164 1581 241 1620 dies
274 1583 640 1632 aequinoc‘kiorum,
672 1582 731 1622 vel
765 1580 1013 1621 solstitiorum
1045 1585 1197 1622 accidat
1218 1587 1254 1622 in
1271 1583 1352 1635 ipsa
1383 1586 1594 1637 quadratu-

165 1651 206 1676 τα
226 1665 235 1679 ,
272 1646 366 1675 tunc
399 1651 504 1677 mare
525 1640 601 1676 erit
631 1639 799 1676 maxime
815 1638 1056 1688 depreffum‚
1087 1650 1130 1677 ut
1164 1638 1235 1677 fert
1265 1638 1380 1678 status
1412 1639 1526 1680 lunae
1550 1641 1596 1680 il-

164 1691 235 1731 lius
271 1691 477 1745 praesentis
510 1719 517 1726 .
556 1693 738 1744 Sequenti
774 1703 904 1730 tamen
935 1691 1061 1732 mense
1090 1695 1133 1732 ὃς
1161 1695 1269 1733 Luna
1302 1704 1395 1733 tunc
1427 1700 1592 1747 majores

170 1746 291 1787 aestus
322 1749 558 1800 contingunt
589 1777 599 1791 ,
625 1761 741 1799 quarn
770 1749 1016 1798 contigerant
1047 1748 1107 1788 vel
1138 1747 1216 1802 ipsa
1262 1749 1351 1788 luna
1382 1749 1497 1803 plena
1529 1765 1595 1791 no·
1642 1762 1646 1767 ⁴

164 1817 291 1855 vaque
312 1804 676 1854 aequinoffkiorum‚
704 1812 771 1839 aut
802 1800 1054 1841 solstitiorum
1072 1833 1080 1840 .
1110 1803 1243 1844 Aestus
1277 1819 1371 1844 vero
1402 1835 1412 1848 ‚
1445 1818 1489 1845 ut
1519 1821 1593 1859 ego

164 1860 319 1910 quidem
352 1870 420 1909 per
452 1857 762 1909 quinquennium
792 1855 1022 1898 observavi,
1054 1857 1200 1912 semper
1232 1859 1319 1899 sunt
1351 1863 1517 1912 majores
1547 1878 1591 1902 ea

162 1915 254 1953 luna
286 1912 370 1967 post
402 1910 558 1952 solstitia
578 1942 586 1955 ,
625 1926 741 1964 quam
772 1926 816 1951 ea
848 1911 934 1966 post
962 1915 1242 1968 aequinoctia;
1275 1915 1397 1969 quue
1432 1917 1591 1958 cuilibet

166 1971 343 2024 patebit,
372 1967 397 2007 fi
436 1968 593 2023 quintili
634 1966 758 2007 mense
787 1996 797 2010 ‚
833 1968 895 2008 vel
927 1972 1102 2021 januario
1134 1970 1354 2026 frequenter
1386 1987 1490 2013 mare
1525 1988 1593 2014 no-

166 2026 283 2065 strum
308 2024 443 2066 invisat
460 2052 468 2060 ·
501 2023 679 2065 Receffus
699 2025 802 2063 enim
819 2039 980 2078 magnos
999 2028 1112 2066 maris
1130 2055 1138 2069 ‚
1171 2028 1291 2068 veluti
1309 2030 1442 2069 brevia
1456 2030 1500 2068 &
1516 2029 1591 2083 syr-

168 2095 222 2123 tes
246 2084 282 2121 in
315 2082 446 2122 littore
472 2082 605 2120 nostro
632 2092 807 2133 tempore
833 2083 995 2121 relluxus
1024 2083 1240 2136 conspiciet
1258 2113 1266 2125 ,
1299 2100 1378 2139 quo
1410 2096 1589 2138 ternpore

166 2139 325 2178 cuilibet
357 2138 473 2178 aestus
503 2139 671 2177 marinus
701 2135 746 2176 fit
776 2137 1010 2178 manifestior
1034 2153 1150 2191 quam
1182 2141 1220 2179 in
1247 2140 1380 2184 fluxu3
1412 2140 1586 2182 Tellinae

168 2196 267 2234 enirn
295 2195 434 2233 multae
465 2196 508 2234 ἅ
540 2196 665 2235 variae
684 2195 722 2232 in
737 2191 838 2232 ficco
854 2194 1012 2234 haerent
1043 2194 1238 2249 sepultae,
1266 2212 1310 2237 ac
1340 2196 1414 2236 line
1444 2198 1588 2237 retibus

168 2250 480 2290 &instrumentis
512 2250 729 2304 piscatoriis
757 2251 795 2288 in
820 2251 951 2290 cibum
970 2251 1237 2306 colliguntur.
1271 2252 1397 2292 Mense
1410 2255 1586 2305 januario

169 2306 286 2346 aestus
318 2321 475 2360 magnos
505 2306 587 2347 fieri
605 2309 640 2346 in
658 2308 755 2347 mari
785 2306 914 2346 nostro
939 2321 1189 2361 compertum
1206 2308 1349 2349 habent
1376 2311 1418 2348 &
1444 2321 1585 2348 nautae

168 2376 300 2402 omnes
318 2392 327 2406 ,
356 2365 424 2416 qui
449 2365 713 2404 communiter
743 2362 851 2415 loqui
881 2361 1025 2404 solent:
1056 2365 1107 2403 Di
1133 2366 1288 2420 Gennajo
1316 2368 1346 2405 le
1376 2380 1482 2419 acque
1513 2380 1583 2404 cre-

164 2419 263 2472 scono
293 2434 309 2457 e
335 2420 453 2459 calano
483 2435 505 2460 a
534 2421 689 2475 migliajo
714 2434 722 2459 ;
753 2432 866 2472 aquas
896 2416 1042 2460 scilicet
1073 2421 1258 2472 Januario
1289 2420 1413 2462 mense
1443 2435 1480 2459 1n
1514 2421 1585 2459 im-

1484 2490 1586 2516 nien-
