2145 2910
502 206 554 233 20
941 197 1037 238 DE
1096 197 1506 240 CONCHIS

501 279 670 321 frustulis
704 279 926 337 adspersum
959 292 1114 322 tantum
1144 283 1202 322 his
1235 286 1405 326 minimis
1445 284 1680 339 corpusculis
1712 283 1860 329 scatet,
1889 295 1936 326 ut

505 351 554 377 ex
594 340 638 377 iis
679 341 844 379 omnino
884 337 1058 379 constare
1096 340 1278 381 videatur
1304 367 1313 377 .
1352 343 1552 396 Exiguitas
1589 344 1684 383 item
1718 344 1761 382 &
1797 342 1936 383 levitas

505 394 650 434 horum
688 394 741 433 est
782 405 918 438 tanta,
946 406 989 435 ut
1026 394 1270 450 septingenta
1304 400 1371 440 vix
1393 412 1557 452 granum
1585 413 1706 439 unum
1736 399 1937 453 pendant·

504 451 655 492 Tamen
691 450 837 504 lingula
866 451 979 490 nudis
1003 451 1126 491 oculis
1154 455 1276 494 cuivis
1302 465 1540 500 cernuntur3
1568 454 1942 508 quinfidiffringan-

501 518 595 550 tur,
628 519 754 562 partes
773 521 906 546 eorum
923 505 1092 561 singulae
1117 523 1314 551 concavae
1331 521 1524 565 apparent
1541 537 1549 546 ·
1580 510 1708 552 Tanta
1737 511 1790 551 est
1818 507 1942 550 divisi-

503 564 636 604 bilitas
655 564 844 602 materiae
861 591 870 605 ‚
904 574 1089 618 tantaque
1105 564 1158 605 est
1174 568 1228 607 vis
1247 567 1457 608 oculorum
1487 568 1608 623 vulgo
1626 596 1634 604 .
1666 569 1724 607 At
1744 568 1837 606 haec
1857 563 1942 605 vul-

502 634 571 672 gus
588 622 772 671 ignavum
808 620 970 659 miratur
987 651 997 666 ‚
1022 623 1182 663 minime
1210 638 1304 665 vero
1320 622 1470 678 Phyfici
1489 652 1498 666 ‚
1515 626 1581 677 qui
1611 634 1754 665 norunt
1777 621 1942 663 testante

502 674 871 716 Muffchenbroekio
902 681 975 726 (a)
1005 691 1167 730 granum
1197 681 1353 720 unicum
1385 679 1441 720 fili
1472 681 1699 736 bombycini
1731 682 1769 719 in
1797 678 1941 733 parteis

503 734 592 771 acOcu
611 731 729 770 oculo
746 729 927 772 vifibileis
944 735 1061 774 vicies
1092 736 1134 774 ὃς
1165 734 1280 776 sexies
1307 748 1471 777 centena
1488 737 1655 777 millium
1671 738 1828 777 circiter
1844 733 1946 774 divi-

501 788 542 827 di
576 786 703 840 posse.
731 789 850 839 Cujus
866 792 1015 841 generis
1043 788 1088 829 fit
1117 794 1322 831 minimum
1354 792 1429 832 hoc
1455 793 1729 845 corpusculum
1763 820 1771 833 ‚
1800 805 1857 830 res
1890 787 1945 829 est

501 843 617 885 valde
634 844 775 883 dubia.
813 844 870 883 Ad
889 859 963 885 ova
981 845 1139 899 quidem
1159 846 1322 887 Piscium
1339 877 1347 891 ‚
1378 849 1626 887 Cancrorum
1643 877 1652 889 ‚
1682 847 1943 887 Tellinarurn,

502 900 566 940 vel
598 900 766 940 aliorum
796 901 1082 956 Cuncyliorum
1115 904 1199 956 quis
1226 902 1353 942 statim
1385 903 1551 943 referat.
1584 906 1678 944 Non
1710 902 1850 941 referet
1881 915 1947 940 ve-

503 971 553 996 ro
570 971 715 1010 gnavus
733 959 908 997 Naturae
925 959 1217 1013 contemplator
1235 987 1243 998 ,
1275 961 1343 1013 qui
1361 961 1484 1014 probe
1503 961 1614 998 novit
1632 988 1639 1000 ,.
1658 974 1733 1000 ova
1751 956 1917 996 Piscium
1935 986 1946 1002 ,

504 1015 756 1052 Cancrorum
774 1042 783 1055 ,
816 1014 1080 1054 Cochlearum
1100 1043 1108 1056 ,
1135 1015 1449 1070 Conchyliorum
1466 1045 1476 1059 ,
1505 1016 1784 1056 Lacertarum‚
1813 1012 1947 1066 Papil-

505 1068 658 1108 lionum
676 1100 684 1113 ,
721 1072 963 1123 Serpentium
978 1099 987 1113 ‚
1017 1072 1060 1110 &
1080 1072 1320 1126 Repentium
1338 1073 1506 1124 denique
1530 1074 1706 1112 omnium
1726 1070 1862 1110 mollia
1877 1067 1949 1107 esse

506 1125 551 1163 ὅ(
571 1126 824 1178 cartilaginea
843 1156 852 1170 ,
883 1141 959 1166 non
979 1142 1072 1167 vero
1089 1129 1252 1168 testacea
1271 1158 1279 1171 ‚
1311 1140 1355 1167 ut
1385 1126 1469 1166 sunt
1495 1142 1571 1167 ova
1602 1127 1850 1165 Gallinarum
1870 1151 1879 1166 ‚
1905 1124 1950 1162 &

506 1182 655 1220 Avium
689 1183 891 1219 omnium.
923 1183 1054 1229 Quare
1086 1199 1206 1236 quum
1250 1198 1423 1238 corpora
1452 1183 1546 1222 haec
1577 1183 1747 1222 rotunda
1781 1180 1949 1221 testacea

508 1235 579 1277 slnt
597 1264 606 1278 ‚
638 1246 705 1275 aut
721 1249 839 1290 genus
858 1250 1004 1275 novum
1022 1252 1069 1277 ex
1087 1241 1128 1276 iis
1146 1238 1397 1278 conflandum
1416 1237 1468 1277 est
1484 1268 1493 1281 ‚
1520 1250 1589 1277 aut
1618 1238 1666 1277 ad
1699 1236 1865 1276 Echinos
1893 1250 1952 1276 re-

507 1292 714 1332 ferendum
734 1322 743 1336 ‚
775 1294 873 1331 utin
891 1293 1007 1332 titulo
1033 1294 1259 1333 dubitanter
1290 1293 1446 1333 asserui·
1473 1293 1628 1334 Horum
1661 1293 1792 1347 aliqua
1824 1306 1953 1345 parvo

507 1349 702 1390 foramine
718 1347 787 1387 effe
804 1348 949 1388 donata
974 1347 1242 1403 microscopiis
1269 1359 1483 1390 cernuntur
1499 1380 1508 1394 ,
1538 1361 1584 1390 ut
1615 1360 1799 1390 notatum
1825 1347 1878 1387 est
1910 1350 1953 1388 in

511 1405 652 1458 Figura
670 1404 947 1445 IIILTabulae
965 1405 1013 1444 ΙΙ.
1046 1404 1112 1445 sub
1143 1407 1341 1446 litterali.
1375 1405 1482 1445 Haec
1498 1407 1631 1447 littera
1661 1408 1704 1446 &
1733 1404 1893 1458 sequens
1925 1404 1951 1444 F

511 1459 777 1514 repraesentat
800 1474 969 1516 corpora
993 1460 1057 1501 ista
1075 1490 1084 1502 ‚
1109 1463 1168 1502 uti
1198 1462 1320 1503 oculis
1350 1462 1456 1502 vitro
1487 1462 1678 1503 instructis
1709 1472 1924 1501 cernuntur
1941 1487 1952 1498 .

513 1518 553 1557 D
584 1531 678 1557 vero
702 1519 759 1556 uti
791 1518 1025 1558 naturaliter
1053 1517 1158 1558 sunt.
1199 1520 1259 1559 De
1275 1519 1347 1558 hac
1363 1517 1476 1558 Testa
1493 1518 1589 1557 nihil
1619 1518 1725 1558 aliud
1742 1516 1953 1557 dicendum

514 1572 682 1628 superest
696 1601 705 1615 ‚
738 1572 805 1613 nifi
821 1588 905 1613 eam
922 1574 992 1615 esse
1009 1576 1109 1615 intus
1126 1588 1343 1616 concavam
1358 1603 1367 1617 ‚
1398 1574 1504 1627 quod
1522 1575 1564 1613 &
1582 1573 1693 1630 supra
1719 1574 1922 1627 attigimus
1940 1602 1952 1617 ,

510 1631 612 1669 &in
629 1626 829 1683 superficie
845 1630 966 1668 oculis
983 1633 1139 1669 armatis
1163 1629 1460 1684 asperiusculam
1477 1644 1665 1684 apparere
1682 1644 1692 1674 3
1723 1643 1841 1683 quare
1872 1642 1954 1670 non

515 1686 719 1725 immerito
748 1684 796 1722 ad
826 1684 1064 1724 Echinorum
1095 1699 1213 1736 genus
1243 1685 1475 1725 referretur.
1505 1688 1695 1725 Ceterum
1725 1688 1806 1737 ejus
1838 1687 1952 1726 color

512 1750 660 1780 terreus
676 1740 905 1793 plerumque
922 1738 974 1777 est
990 1766 1000 1780 ‚
1031 1740 1228 1780 interdum
1245 1739 1365 1781 flavus
1383 1767 1392 1782 ³
1415 1739 1478 1780 vel
1494 1738 1674 1793 subniger
1691 1771 1698 1779 .

572 1797 623 1836 11.
658 1795 723 1835 Ad
751 1793 848 1844 haec
881 1808 1054 1849 corpora
1084 1795 1257 1834 rotunda
1283 1794 1489 1834 referemus
1520 1797 1564 1833 &
1593 1798 1668 1834 alia
1697 1795 1856 1838 ωὀε-ιὸίῖ,
1889 1810 1951 1836 ra-

518 1855 623 1895 riora
639 1862 769 1891 tamen
785 1851 827 1890 ὃ(
843 1849 1026 1890 craffiora
1042 1878 1051 1893 ‚
1080 1864 1178 1904 quae
1194 1851 1234 1889 in
1252 1853 1375 1889 arenis
1394 1848 1540 1888 littoris
1557 1848 1676 1889 nostri
1708 1860 1923 1892 cernuntur
1940 1880 1952 1895 ,

520 1922 695 1964 quaeque
711 1903 833 1961 figura
847 1907 934 1946 VII.
951 1904 1119 1959 ejusdem
1150 1905 1323 1945 Tabulae
1353 1903 1420 1945 sub
1450 1904 1592 1945 litteris
1616 1907 1663 1945 G.
1690 1906 1739 1946 H.
1764 1908 1795 1946 I.
1820 1910 1864 1948 L.
1889 1922 1955 1947 ex-

523 1967 657 2007 hibet.
690 1965 750 2004 De
780 1963 922 2018 quibus
939 1993 950 2009 ,
979 1964 1074 2018 quid
1104 1961 1178 2005 fint
1203 1993 1215 2009 ‚
1243 1963 1345 2002 idem
1373 1959 1425 2000 est
1446 1960 1615 2002 ,dubium
1640 1976 1685 2003 ac
1715 1963 1763 2004 de
1794 1977 1954 2018 praece-

525 2023 726 2065 dentibus.

581 2080 652 2118 111.
683 2078 884 2129 OQoniam
901 2078 948 2118 de
963 2077 1114 2118 Echinis
1145 2076 1286 2116 incidit
1309 2073 1434 2114 sermo
1450 2101 1459 2117 ‚
1489 2073 1631 2115 referre
1646 2074 1730 2114 heic
1757 2074 1853 2116 libet
1880 2076 1956 2116 tria

525 2135 760 2176 Echinorum
790 2148 931 2188 genera
963 2132 1097 2188 paffim
1115 2135 1154 2174 in
1171 2131 1302 2172 nostro
1332 2132 1431 2171 mari
1449 2132 1632 2186 reperiri.
1666 2132 1841 2172 Primum
1872 2133 1957 2184 qui-

523 2192 614 2232 dem
634 2191 742 2245 quod
760 2193 975 2230 maximum
1000 2190 1054 2232 est
1069 2220 1079 2236 ‚
1098 2191 1150 2229 '&
1181 2187 1373 2243 globosius
1389 2216 1399 2231 ,
1428 2190 1471 2228 δε
1487 2199 1618 2227 tantae
1647 2188 1758 2228 molis
1788 2188 1957 2242 plerum-

524 2261 599 2302 que
617 2275 626 2291 ,
643 2258 688 2287 ut
702 2258 824 2301 caput
849 2247 1063 2288 humanum
1088 2246 1356 2300 magnitudine
1378 2243 1554 2299 superet,
1580 2245 1762 2298 quodque
1791 2255 1957 2299 propter

527 2307 609 2358 ejus
626 2302 868 2359 sphaericam
896 2302 1062 2358 figuram
1079 2304 1189 2345 Melo
1206 2305 1375 2343 marinus
1391 2317 1412 2341 a
1429 2300 1684 2355 piscatoribus
1711 2302 1831 2355 vulgo
1849 2302 1957 2341 voci-

528 2372 660 2402 tatur.
690 2361 866 2416 Speciem
896 2363 1002 2402 enirn
1030 2359 1261 2402 extrinsecus
1291 2356 1499 2414 praesefert
1529 2356 1699 2398 Melonis
1729 2356 1957 2452 cujusdarsn‚

1909 2426 1957 2452 eu

565 2493 618 2523 (a)
636 2490 846 2528 Maffihmbroci·
856 2492 993 2523 Elementa
1006 2491 1107 2529 Phyfir.
1121 2499 1176 2528 cap.
1189 2486 1212 2522 ε’.
1227 2494 1250 2526 §.
1264 2498 1303 2521 26,
1317 2501 1392 2521 num.
1405 2501 1429 2520 2.
