2145 2910
420 215 729 256 AESTVS
789 214 1260 255 MARITIMt
1517 229 1565 266 59

122 302 180 341 tia
209 299 333 354 duplo
365 296 444 340 fere
474 301 599 352 major
627 299 681 340 est
709 313 756 341 ac
787 300 891 354 apud
922 315 1019 346 nos,
1048 315 1169 356 quum
1200 299 1264 340 sex
1293 300 1408 354 pedes
1428 302 1571 342 Veneti

127 356 387 411 quadraginta
414 356 569 395 circiter
585 357 724 396 Vncias
748 356 891 397 nostras
913 356 1084 398 efficiant
1100 388 1108 397 .
1133 357 1317 397 Eamdem
1338 358 1569 411 proportio-

126 426 215 452 nem
246 412 364 452 habet
394 411 442 450 ad
468 412 611 451 aestum
628 413 778 453 Oceani
801 414 838 452 in
855 413 1128 468 Dunquerquii
1157 416 1281 454 Portu
1298 440 1308 455 ‚
1336 427 1424 452 nam
1440 414 1495 452 ibi
1513 424 1569 453 te-

124 467 176 508 ste
209 469 365 507 Baertio
398 468 437 506 in
469 468 578 507 Aeris
610 471 846 509 Academiae
883 469 1092 518 Parisienfis
1119 471 1209 509 anni
1248 482 1437 509 cmmecr
1471 497 1480 511 ‚
1525 470 1568 508 &

129 537 352 564 cmioccn.
392 526 519 576 major
556 524 724 566 elevatio
751 527 869 567 Maris
907 528 1080 581 quinque
1116 526 1177 567 vel
1212 524 1276 566 sex
1315 526 1431 566 Pedes
1463 527 1570 566 Pari-

124 577 250 620 sienses
269 595 347 620 non
364 582 521 621 excedit
537 609 546 623 ‚
579 582 622 621 &
651 584 719 622 Pes
749 579 956 623 Parifienfis
973 584 1163 623 Venetum
1194 596 1272 622 non
1297 581 1452 636 superat
1467 609 1477 624 ‚
1503 584 1571 622 im-

124 650 192 675 mo
208 651 230 675 a
246 637 399 677 Veneto
416 652 558 678 novem
575 636 684 678 lineis
700 640 859 680 circiter
881 637 1079 693 superatur
1096 668 1108 684 ,
1137 649 1350 694 propterea
1381 637 1572 694 subdupla

123 693 195 731 erit
227 695 437 748 proportio
467 693 586 733 aestus
604 696 722 734 Maris
758 694 876 734 nostri
905 694 1027 735 relate
1058 694 1105 735 ad
1139 709 1200 735 eas
1217 695 1356 734 Vrbeis
1380 725 1391 740 ,
1424 693 1451 734 fi
1479 709 1571 736 vera

123 745 207 786 sunt
223 778 233 793 ‚
249 763 348 804 quae
375 762 538 789 narrant
557 751 751 791 Galilaeus
770 779 779 793 ‚
796 755 838 791 ὃς
856 753 1027 792 Baertius
1047 783 1053 789 .
1087 753 1233 796 Mirum
1257 763 1390 791 tamen
1423 750 1477 790 est
1491 764 1573 804 quo

124 803 245 843 modo
261 805 381 856 aliqui
398 805 560 844 asserant
594 806 685 844 teste
704 807 729 846 ’s
747 806 1009 846 Gravesandio
1039 811 1111 855 (a)
1139 809 1177 846 in
1203 808 1403 846 Britannia
1420 835 1430 850 ‚
1462 820 1573 860 prae-

121 856 249 896 sertim
267 861 316 898 ad
336 858 551 900 Bristoliam
568 890 581 905 ,
603 861 863 917 quadraginta
878 864 1047 915 quinque
1064 863 1228 902 Pedibus
1245 865 1408 915 majores
1425 862 1544 903 aestus
1558 893 1571 909 ,

122 913 165 951 &
196 915 512 967 vigintiquinque
528 917 697 956 minores
714 920 934 960 contineri,
966 933 1087 971 quum
1116 930 1244 958 tamen
1269 920 1467 959 Britannia
1484 947 1495 962 ‚
1526 920 1571 959 &

122 967 316 1011 Tamesis,
343 970 392 1008 de
423 973 533 1023 cujus
562 971 665 1011 aestu
698 972 834 1012 fimilia
862 973 937 1014 fere
968 985 1175 1015 narrantur
1199 1005 1209 1020 ‚
1240 990 1319 1015 non
1349 975 1518 1015 multum
1548 990 1572 1016 a

122 1024 254 1064 Gallia
272 1055 282 1069 ‚
317 1026 359 1063 &
385 1040 407 1065 a
430 1027 703 1080 Dunquerquii
723 1031 843 1068 Portu
862 1028 1000 1070 distent
1020 1058 1026 1065 -
1061 1030 1193 1081 Qare
1220 1031 1279 1071 vel
1309 1045 1419 1071 error
1433 1031 1570 1084 aliquis

121 1079 174 1119 est
208 1082 247 1119 in
277 1080 463 1121 mensuris
495 1082 568 1122 illis
596 1084 853 1131 Britannicis,
882 1086 941 1125 vel
970 1088 1140 1126 Baertius
1181 1091 1347 1140 majores
1379 1086 1497 1126 aestus
1530 1089 1570 1126 in

124 1135 249 1175 Portu
268 1135 338 1176 illo
356 1138 693 1192 Dunquerquiano
725 1155 802 1180 non
828 1140 1048 1183 observavit
1065 1173 1075 1187 ,
1097 1141 1157 1182 sed
1186 1155 1337 1182 tantum
1361 1144 1544 1181 minimos
1562 1173 1569 1183 .

123 1190 237 1230 Patet
262 1193 382 1245 igitur
411 1207 473 1233 me
505 1207 585 1233 non
614 1193 747 1236 frustra
764 1198 812 1237 ab
830 1199 944 1237 initio
960 1198 1105 1250 rogasse
1136 1198 1273 1237 Gallos
1290 1226 1299 1240 ,
1331 1196 1476 1252 rogasse
1491 1199 1572 1238 Bri-

124 1255 263 1286 tannos
282 1275 291 1288 ‚
310 1247 455 1300 rogaffe
473 1259 621 1290 ceteros
639 1277 649 1292 ,
674 1262 718 1290 ut
736 1254 876 1291 iterum
896 1251 975 1292 suas
993 1252 1281 1293 observationes
1299 1253 1540 1294 instituerent
1556 1283 1569 1298 ‚

123 1302 454 1355 quemadmodum
470 1305 513 1342 &
535 1305 657 1345 modo
672 1321 855 1361 rogamus
885 1309 927 1347 &
945 1309 1064 1348 Italos
1095 1308 1242 1349 nostros
1257 1309 1374 1350 Maris
1391 1311 1508 1350 Inferi
1523 1311 1567 1351 &

126 1359 260 1412 Superi
294 1360 444 1398 Incolas
476 1371 520 1399 ut
554 1360 767 1415 symbolam
797 1363 1002 1404 conferant
1017 1394 1027 1409 ‚
1043 1376 1088 1404 ut
1106 1367 1221 1405 variis
1239 1368 1281 1406 ὃς
1296 1368 1470 1421 repetitis
1499 1367 1573 1407 ob-

121 1411 403 1455 servationibus
428 1415 664 1469 cognoscere
699 1419 857 1458 tandem
887 1431 996 1460 certo
1012 1418 1194 1475 poffirnus
1210 1452 1220 1467 ‚
1248 1436 1326 1476 qua
1343 1424 1571 1477 proportio-

120 1483 166 1508 ne
184 1471 317 1510 Italiae
336 1472 460 1511 Maria
494 1473 593 1512 inter
611 1472 646 1513 se
668 1474 839 1515 aestuent
856 1506 866 1521 ,
896 1476 944 1515 ad
974 1488 1160 1530 quantam
1193 1478 1436 1520 altitudinem
1458 1478 1571 1519 affur-

119 1536 215 1578 gant
233 1553 242 1567 ,
274 1528 316 1565 &
345 1542 426 1579 quo
459 1539 664 1581 tempore.
696 1531 740 1567 In
762 1531 894 1570 Infero
911 1535 1013 1571 enim
1033 1536 1130 1572 mari
1161 1533 1279 1574 aestus
1309 1550 1466 1589 quoque
1497 1535 1568 1575 ali·-

122 1581 208 1633 quis
226 1583 419 1634 reperitur
436 1613 445 1626 ,
477 1582 567 1622 teste
585 1584 664 1636 ipso
680 1585 858 1625 Galilaeo
876 1588 920 1632 (b
935 1593 949 1635 )
967 1614 975 1628 ‚
1001 1590 1066 1639 qui
1083 1589 1137 1627 ait
1154 1591 1194 1627 in
1207 1589 1365 1630 Corsica
1382 1621 1392 1636 ,
1417 1593 1455 1630 in
1484 1593 1568 1631 Sar-

119 1636 226 1675 dinia
244 1666 253 1680 ‚
284 1638 322 1675 in
338 1638 500 1677 Liburni
531 1640 572 1676 ὃς
603 1641 756 1678 Romae
786 1654 908 1693 portu
935 1642 983 1681 ad
1016 1643 1221 1683 dimidium
1251 1646 1394 1685 Pedem
1423 1645 1567 1686 aestum

120 1693 312 1742 majorem
337 1691 524 1743 affiirgere
543 1719 552 1733 ‚
584 1695 652 1746 qui
675 1693 791 1732 aestus
811 1695 960 1735 fortasse
978 1708 1140 1750 propter
1157 1712 1343 1751 aquarum
1360 1701 1567 1752 profundi-

120 1754 243 1784 tatem
263 1773 272 1787 ,
291 1747 332 1784 &
349 1774 358 1788 ‚
384 1747 490 1799 quod
509 1762 598 1787 raro
614 1750 822 1801 contingat
837 1777 847 1792 ‚
865 1752 914 1790 ab
930 1752 1073 1791 Incolis
1091 1754 1211 1806 vulgo
1227 1755 1465 1809 negligitur.
1489 1756 1566 1797 Ta-

121 1815 209 1840 men
243 1800 361 1840 aestus
379 1802 443 1841 iste
468 1816 547 1852 quo
579 1805 699 1855 magis
730 1804 779 1841 ad
795 1805 949 1844 Littora
980 1805 1131 1851 nostra,
1160 1809 1203 1846 &
1233 1812 1413 1850 venetias
1439 1826 1564 1866 prope

119 1856 336 1895 accedimus
369 1855 516 1908 semper
547 1854 591 1895 fit
620 1859 744 1908 major
776 1888 787 1902 ,
825 1868 869 1897 ut
895 1860 944 1899 ad
976 1859 1040 1901 sex
1071 1862 1130 1901 vel
1158 1861 1304 1916 septem
1335 1865 1420 1906 illos
1445 1867 1564 1908 Pedes

117 1911 320 1964 perveniat
337 1941 345 1955 ,
373 1912 414 1950 ἃ
432 1910 583 1951 fortasse
610 1914 770 1954 ulterius
799 1917 1050 1969 porrigatur·
1082 1919 1246 1959 Fortasse
1276 1922 1393 1962 etiam
1424 1921 1449 1962 fi
1474 1924 1564 1965 dex-

117 1965 286 2006 trorsum
302 1969 351 2007 ab
367 1967 490 2007 infero
506 1969 544 2007 in
563 1969 768 2010 Graeciam
788 1973 1083 2025 progrediamur
1098 2002 1109 2016 ‚
1125 1976 1303 2017 eamdem
1333 1982 1564 2032 proportio-

118 2036 204 2060 nem
222 2020 255 2061 se
272 2020 305 2062 se
323 2022 575 2063 accrescendo
592 2023 758 2065 servabit
776 2057 785 2071 ‚
810 2041 930 2079 quum
961 2031 1129 2083 antiquis
1147 2032 1307 2073 Graecis
1339 2037 1382 2074 &
1411 2036 1562 2076 Roma-

117 2079 172 2115 nis
204 2088 314 2117 notus
347 2078 463 2119 fuerit
481 2107 490 2120 ‚
521 2082 564 2119 &
581 2078 707 2134 spatio
726 2081 792 2121 illo
811 2081 872 2122 sex
889 2084 1075 2124 horarum
1091 2088 1293 2129 conclusus
1311 2120 1321 2135 ‚
1353 2093 1419 2144 qui
1436 2093 1557 2134 etiam

119 2144 305 2172 notarunt
321 2135 512 2189 aliquibus
530 2138 568 2174 in
586 2137 680 2176 locis
708 2140 856 2179 variare
872 2167 882 2181 ‚
914 2152 959 2180 ut
976 2142 1014 2180 in
1033 2142 1176 2197 Euripo
1192 2172 1202 2187 ,
1234 2147 1273 2184 in
1301 2160 1381 2200 quo
1407 2149 1558 2190 Aristo-

121 2187 236 2228 telem
266 2190 390 2246 ipsum
418 2192 564 2245 periisse
595 2193 716 2247 aliqui
733 2193 873 2235 litteris
891 2197 1173 2251 prodiderunt.

914 2366 951 2406 H
982 2382 1007 2410 2
1434 2373 1554 2414 PRO.

150 2456 189 2487 (a)
209 2455 405 2496 '5¹Gravefimd
420 2459 472 2497 ΙΤο.
485 2460 526 2487 II.
542 2460 640 2499 Phyfic.
656 2462 740 2490 Elem.
755 2462 791 2490 lib
818 2473 891 2492 1111.
912 2476 968 2501 cap.
981 2477 1024 2495 xx.
1044 2479 1113 2497 num.
1132 2473 1205 2504 1418.

150 2490 193 2521 (b)
216 2491 357 2520 oalzlaeus
379 2492 493 2530 Dmlog.
510 2504 583 2523 1111.
595 2497 662 2533 ΑΜΖ.
675 2498 757 2533 Cosiri.
771 2509 795 2532 p.
809 2510 845 2527 m.
859 2509 919 2533 4²7·
