2145 2910
518 204 571 249 54
952 185 1518 228 SPECIMEN

516 277 693 321 mensum
716 275 882 318 crescere
906 276 947 315 δε
976 271 1201 316 decrescere
1230 278 1365 328 ajunt.
1403 276 1476 317 Sed
1500 277 1639 322 eodem
1669 281 1789 333 pacto
1821 294 1960 335 proce-

519 337 646 380 dunt,
672 346 716 375 ut
747 349 823 390 ego
854 331 1085 375 observavi,
1118 332 1293 384 Qintili
1314 332 1464 375 mense.

877 451 1421 498 PROPOSITIO
1487 455 1608 501 1111.

522 570 730 631 Qamvis
767 564 939 631 singulis
958 565 1111 615 diebus
1138 567 1401 617 naturalibus
1438 568 1509 617 seu
1526 569 1820 638 nychthemeri
1864 570 1958 637 spa-

587 652 654 697 tio
688 647 779 697 duo
816 647 895 697 fint
931 651 1058 698 maris
1099 649 1236 698 fluxus
1273 680 1289 705 ‚
1329 652 1373 696 ὃ(
1409 650 1499 698 duo
1534 650 1713 700 refluxus
1747 684 1761 707 ‚
1810 669 1957 701 tamen

587 728 774 793 quilibet
804 729 961 778 horum
994 731 1064 781 sex
1099 732 1216 779 horis
1251 748 1448 782 accurate
1488 749 1575 780 non
1606 732 1870 788 absolvitur,
1909 750 1957 782 ut

589 811 696 860 alter
735 809 857 858 alteri
897 812 948 860 fit
985 811 1171 875 aequalis
1205 845 1217 857 .
1251 811 1335 858 Sed
1370 813 1507 859 fluxus
1544 829 1650 860 unus
1695 814 1779 860 hoc
1821 813 1960 878 spatio

588 891 753 959 semper
791 893 930 953 major
961 892 1019 941 est
1051 892 1190 940 altero
1220 927 1232 941 .
1270 893 1334 940 Ita
1370 893 1459 954 ejus
1491 894 1674 941 refluxus
1709 895 1868 958 pariter
1902 894 1961 941 est

589 976 728 1035 major
758 992 774 1030 3
823 971 963 1042 quue
1010 972 1167 1024 accidit
1209 975 1251 1022 in
1294 974 1359 1023 his
1398 991 1492 1031 tum
1530 993 1619 1041 quo
1657 974 1712 1023 ad
1753 975 1959 1040 temporis

589 1055 920 1107 diuturnitatem
974 1088 989 1113 ,
1039 1073 1133 1106 tum
1178 1076 1268 1122 quo
1313 1056 1368 1105 ad
1415 1074 1625 1122 aquarum
1675 1056 1962 1105 intumescen-

590 1139 696 1185 tiam
732 1168 746 1193 >
792 1141 836 1184 &
885 1138 1267 1193 detumesce-utiam
1322 1174 1334 1189 .
1386 1139 1555 1186 Aestate
1603 1134 1778 1201 quidem
1823 1136 1962 1196 major

592 1218 729 1266 fluxus
788 1220 1003 1282 contingit
1055 1222 1171 1267 circa
1221 1221 1410 1271 mediam
1463 1224 1632 1268 nostem
1672 1247 1686 1273 ,
1732 1219 1777 1260 &
1821 1218 1963 1275 major

592 1299 776 1347 refluxus
837 1302 1003 1348 oriente
1053 1301 1152 1348 Sole
1193 1336 1205 1349 .
1265 1302 1417 1348 Hieme
1474 1316 1577 1346 vero
1630 1313 1782 1346 contra
1830 1298 1966 1357 major

593 1380 735 1428 fluxus
783 1382 1004 1445 contingit
1038 1382 1147 1430 circa
1183 1381 1407 1431 meridiem
1439 1410 1454 1438 ‚
1508 1382 1553 1427 &
1596 1380 1734 1443 major
1783 1379 1965 1428 refluxus

609 1460 838 1512 occidente
872 1462 1002 1512 Sole.

957 1590 983 1628 S
1026 1590 1057 1627 C
1097 1590 1143 1632 H
1183 1587 1219 1627 O
1263 1589 1295 1631 L
1337 1588 1357 1629 I
1399 1591 1433 1630 V
1472 1590 1546 1628 M.

525 1696 611 1784 Α
634 1694 774 1735 Ssertio
808 1694 902 1734 haec
935 1695 1133 1736 videbitur
1165 1695 1325 1750 quidem
1355 1694 1479 1749 vulgo
1504 1692 1667 1735 absurda
1685 1722 1695 1738 ‚
1715 1708 1836 1749 quum
1867 1692 1971 1748 apud

647 1755 796 1792 omneis
824 1752 962 1792 tritum
992 1753 1034 1791 ὃ(
1069 1752 1231 1806 vulgare
1268 1750 1312 1791 fit
1343 1765 1448 1791 mare
1475 1749 1627 1803 fingulis
1656 1750 1716 1793 sex
1745 1752 1853 1792 horis
1889 1764 1973 1789 cre-

521 1812 623 1853 scere
640 1837 649 1851 ,
682 1812 725 1849 ὃς
751 1807 906 1860 singulis
934 1807 995 1846 sex
1021 1807 1126 1846 horis
1154 1805 1376 1846 decrescere
1394 1835 1404 1848 ,
1436 1803 1497 1844 seu
1521 1805 1672 1857 singulis
1700 1807 1762 1847 sex
1788 1808 1892 1846 horis
1924 1806 1972 1845 ad

523 1869 634 1908 littus
666 1865 850 1904 accedere
866 1890 875 1905 ‚
901 1864 942 1901 ἃ
959 1863 1099 1902 eodem
1121 1861 1246 1914 spatio
1264 1861 1473 1904 recedere;
1505 1861 1651 1899 Verum
1682 1860 1874 1901 veriffima
1891 1865 1975 1901 cui-

524 1925 619 1965 libet
634 1922 790 1978 patebit
809 1950 817 1964 ‚
834 1920 901 1972 qui
918 1918 1209 1960 observationes
1226 1926 1424 1958 accuratas
1442 1914 1618 1956 instituat
1633 1944 1644 1962 ‚
1676 1927 1720 1956 ut
1740 1932 1808 1956 nos
1826 1917 1971 1973 pluries

524 1979 681 2035 experti
714 1975 865 2018 sumus;
898 1976 1013 2030 idque
1048 1973 1250 2015 manifesto
1285 1972 1593 2027 deprehenditur
1624 1974 1663 2012 in
1688 1975 1839 2028 magnis
1865 1972 1971 2012 aesti-

524 2039 594 2079 bus
625 2035 740 2074 tertia
771 2033 835 2077 illa
866 2033 928 2073 die
960 2031 1045 2087 post
1075 2031 1276 2072 novilunia
1298 2058 1307 2072 ‚
1337 2030 1398 2071 vel
1428 2028 1515 2085 post
1544 2029 1787 2084 plenilunia‚
1820 2032 1862 2071 &
1894 2044 1974 2070 ma*

525 2095 632 2137 xime
663 2105 708 2132 ea
739 2090 829 2130 luna
855 2121 862 2133 ,
893 2104 992 2143 quae
1024 2087 1183 2128 solstitia
1214 2088 1394 2144 proxime
1426 2086 1595 2143 sequitur
1622 2117 1632 2132 ,
1662 2101 1739 2141 qua
1760 2117 1769 2133 ‚
1801 2097 1844 2126 ut
1874 2087 1973 2126 dixi·

530 2166 613 2196 mus
631 2177 639 2192 ‚
672 2146 798 2193 fluxus
816 2147 1040 2189 &refluxus
1059 2148 1228 2198 majores
1263 2143 1409 2199 semper
1439 2144 1679 2198 contingunt
1735 2142 1974 2183 Observavi-

531 2221 615 2251 mus
648 2206 752 2245 enim
784 2215 868 2244 tum
899 2217 1088 2260 aquarum
1118 2204 1331 2243 circuitum
1366 2232 1375 2246 ‚
1406 2199 1465 2242 seu
1496 2200 1705 2255 periodum
1744 2228 1753 2243 ,
1786 2199 1970 2241 fluxum.)

530 2275 671 2316 nempe
702 2263 744 2300 δέ
776 2259 967 2301 refluxum
985 2274 1106 2300 unum
1136 2259 1185 2299 ad
1202 2259 1338 2299 decem
1355 2257 1500 2314 septem
1517 2286 1528 2301 ‚
1560 2257 1621 2300 vel
1646 2258 1692 2297 ad
1713 2257 1847 2297 decem
1878 2258 1973 2298 octo

532 2324 644 2364 horas
670 2317 829 2372 potrahi
850 2348 860 2363 ‚
902 2319 945 2357 &
977 2317 1145 2360 alterurn
1176 2317 1383 2356 circuitum
1426 2315 1551 2356 fluxus
1582 2317 1625 2356 &
1656 2313 1823 2356 refluxus
1861 2315 1976 2367 quin-

535 2393 609 2434 que
642 2375 700 2416 vel
731 2377 793 2414 lex
824 2374 927 2415 horis
958 2372 1127 2415 absolvi.
1161 2375 1398 2415 Notavimus
1416 2384 1616 2427 praeterea
1637 2372 1845 2426 periodum
1865 2369 1974 2411 reflu-

535 2450 606 2478 xus
622 2431 771 2487 semper
797 2431 933 2486 paullo
962 2433 1157 2484 majorem
1184 2431 1256 2472 effe
1281 2444 1398 2485 quam
1425 2430 1635 2483 periodum
1652 2426 1778 2470 fluxus
1797 2455 1806 2465 .
1838 2430 1975 2489 Aquae

1870 2495 1976 2524 enim
