2180 2905
579 237 1188 280 MINVSNOTIS
1554 249 1595 278 11

178 323 264 366 sunt
279 354 289 370 ‚
307 325 350 364 &
363 336 386 363 a
401 325 549 377 puncto
566 326 606 363 in
618 323 748 364 medio
762 326 839 374 ejus
855 350 864 365 ‚
882 321 989 376 quod
1007 320 1128 364 veluti
1144 326 1323 359 centrum
1338 314 1391 357 est
1406 344 1417 359 ‚
1441 318 1597 373 prodire

182 381 387 421 videntur.
420 379 510 419 Hoc
529 382 718 436 puncstum
747 379 1030 432 aliquantulum
1061 373 1235 430 prostat,
1267 373 1355 413 ideo
1370 374 1600 414 umbilicum

182 438 470 490 prominentem
510 437 651 476 vocavi
680 451 690 480 ;
728 449 964 490 quamquam
992 433 1111 486 vulgo
1140 431 1188 470 ab
1216 430 1391 469 Naturae
1420 429 1601 469 historiae

182 492 442 545 scriptoribus
472 492 657 532 Conchae
687 494 730 535 &
757 491 952 530 Cochleae
981 488 1232 529 umbilicatae
1263 496 1455 526 vocentur
1485 487 1572 525 illae
1590 517 1600 530 ,

183 562 281 601 quae
297 547 428 600 aliquo
444 547 631 589 foramine
659 549 700 586 in
726 547 856 587 medio
884 546 970 587 sunt
1001 545 1194 584 donatae.
1224 544 1409 582 Ceterum
1428 544 1600 595 quamvis

182 602 444 643 orbiculatum
462 618 510 643 ex
525 607 603 656 ejus
620 602 789 646 rotunda
820 601 944 655 figura
973 601 1256 641 nominaverim
1275 626 1282 639 ‚
1306 611 1434 638 tamen
1452 598 1602 652 planius

183 659 226 698 &
241 656 486 713 compreffius
515 659 593 706 est,
618 673 735 712 quam
759 657 927 710 reliquae
952 656 1062 708 hujus
1095 656 1243 708 generis
1258 653 1391 694 Testae
1408 682 1417 696 ‚
1451 656 1493 693 ὃς
1510 653 1602 694 licet

181 715 396 754 rotundum
415 717 528 768 plane
544 725 731 770 appareat
748 742 757 757 ‚
777 714 816 753 id
831 715 961 754 evenit
978 714 1082 765 quod
1098 711 1325 764 plerumque
1342 724 1384 749 os
1401 710 1519 750 habet
1535 709 1606 749 dif-

183 770 350 810 fractum
369 799 379 814 ‚
409 771 740 823 quemadmodum
757 769 855 809 illud
865 769 918 808 est
932 800 942 813 ,
958 767 1063 820 quod
1095 766 1219 820 figura
1235 766 1285 804 ΙΙ.
1303 765 1399 805 Tab.
1417 767 1446 804 Ι.
1467 767 1603 805 litteris

179 826 304 865 Egel:
322 828 370 865 ab
396 824 620 867 Artificibus
646 840 731 865 aere
763 825 836 864 fuit
866 822 1082 876 expressum
1112 851 1118 858 .
1153 824 1337 861 Ceterum
1368 837 1410 861 os
1441 824 1479 861 in
1505 823 1601 861 inte-

178 882 255 932 gris
270 882 312 917 &
329 895 408 919 non
424 879 603 935 disruptis
636 891 817 935 apertum
846 878 899 920 est
916 909 925 923 ‚
942 890 986 918 ut
1002 880 1040 917 in
1071 876 1194 931 figura
1212 877 1280 914 ΙΙΙ.
1297 880 1338 916 &
1355 878 1421 915 IV.
1447 877 1601 916 alterius

179 933 314 977 Testae
341 936 379 972 in
402 936 536 974 eadem
550 936 703 975 Tabula
730 935 862 975 videre
890 934 983 974 licet
1015 961 1022 969 -
1051 933 1174 972 Moles
1202 946 1377 987 corporis
1407 931 1458 971 est
1488 934 1603 972 mini-

181 1006 246 1032 ma
262 1018 272 1033 ‚
298 1002 343 1033 ut
359 991 624 1046 praecedentis
641 1017 652 1033 ,
680 989 743 1030 sed
766 991 964 1030 interdum
981 989 1103 1042 duplo
1120 1019 1130 1035 ‚
1155 989 1216 1030 vel
1242 988 1361 1043 triplo
1391 990 1516 1040 major
1546 1004 1602 1029 re·
1679 1027 1682 1034 ,
1760 1024 1799 1042 ,1,
1847 1023 1853 1028 .
1986 1015 2045 1054 84

180 1048 328 1102 peritur
342 1077 351 1087 ⁷.
379 1036 443 1140 ἐξ)
1601 1023 1660 1090 ⁴99)
1670 1025 1923 1104 &¹⁸22me
1933 1034 1981 1075 sa-

235 1103 285 1141 ΙΙ.
317 1104 375 1142 Ve
410 1103 529 1155 igium
545 1103 694 1143 nullum
712 1104 906 1143 invenitur
920 1103 1030 1155 hujus
1052 1101 1308 1157 pulcherrimi
1334 1104 1470 1141 Cornu
1486 1101 1603 1140 Ham·
1757 1091 1772 1103 ⁸*
1798 1106 1824 1118 ¹'

181 1159 306 1199 monis
324 1156 451 1197 foffilis
482 1161 522 1197 in
539 1173 653 1199 arena
681 1159 745 1198 illa
773 1158 872 1200 flava
896 1157 1124 1198 Bononienfi
1142 1186 1151 1198 ‚
1183 1158 1231 1194 de
1259 1171 1334 1207 qua
1353 1159 1392 1193 in
1415 1155 1603 1209 superiori

179 1214 307 1267 capite
322 1240 333 1255 ‚
358 1214 688 1264 quemadmodum
713 1228 837 1268 neque
868 1216 991 1253 ullum
1012 1213 1115 1252 aliud
1133 1215 1268 1251 Cornu
1286 1211 1513 1250 Hammonis
1541 1227 1603 1266 ge-

176 1282 246 1309 nus
274 1278 424 1321 praeter
448 1268 619 1308 nostrum
650 1269 744 1309 illud
776 1272 945 1324 primum
973 1265 1276 1321 vulgatissimum
1309 1297 1315 1301 .
1348 1269 1404 1307 At
1435 1269 1472 1306 in
1503 1279 1602 1308 terra

180 1325 282 1365 illius
308 1325 423 1363 Strati
451 1327 591 1364 montis
622 1324 741 1365 nostri
771 1326 994 1380 Covignani
1024 1334 1132 1365 tanta
1161 1322 1213 1364 est
1240 1325 1296 1364 vis
1328 1322 1439 1375 hujus
1469 1323 1602 1365 Testae

177 1378 305 1421 foffilis
321 1410 331 1424 ,
360 1390 402 1420 ut
417 1382 646 1434 quingentas
662 1383 820 1422 circiter
835 1383 874 1423 in
891 1383 1006 1422 unica
1037 1382 1152 1421 uncia
1183 1382 1467 1421 numeraverim
1487 1409 1493 1416 .
1526 1382 1607 1420 Im-

178 1451 246 1477 mo
264 1438 303 1475 in
319 1436 467 1489 reliqua
482 1438 612 1477 Arena
633 1437 733 1478 flava
761 1436 929 1490 ejusdem
957 1439 1101 1478 montis
1119 1465 1129 1479 ‚
1165 1438 1205 1476 in
1220 1452 1296 1492 qua
1313 1437 1472 1477 Cornua
1487 1439 1602 1477 Ham-

175 1494 299 1532 monis
316 1490 450 1532 foffilia
482 1495 728 1546 reperiuntur
744 1526 754 1539 ‚
784 1495 1012 1550 plerumque
1038 1494 1148 1547 hujus
1170 1495 1314 1546 generis
1333 1491 1442 1532 sunt.
1465 1494 1510 1532 In
1528 1506 1604 1534 ter-

178 1563 220 1588 ra
248 1549 415 1602 quadam
444 1564 492 1589 ex
520 1549 760 1590 Certaldenfi
789 1566 883 1604 agro
927 1553 965 1591 in
995 1552 1146 1591 Etruria
1183 1552 1292 1591 vario
1328 1549 1602 1591 Testaceorum

179 1619 316 1658 genere
332 1604 571 1646 refertiffima
587 1634 596 1647 ‚
628 1621 746 1659 quam
776 1609 824 1646 ad
857 1622 918 1647 me
945 1608 1041 1648 olim
1073 1605 1227 1647 miserat
1244 1607 1377 1645 Petrus
1397 1606 1602 1646 Michelius

178 1659 330 1713 insignis
357 1662 561 1700 Botanicus
578 1689 587 1701 ,
618 1663 660 1699 ὃ(
684 1661 898 1701 Historicus
920 1662 1102 1701 naturalis
1135 1661 1375 1700 Florentinus
1393 1688 1402 1702 ,
1430 1662 1602 1714 mihique

179 1716 273 1754 dum
289 1718 439 1754 viveret
455 1726 621 1767 propter
637 1715 849 1754 studiorum
865 1718 1183 1767 conjunctionem
1203 1714 1446 1755 amicissimus
1463 1744 1472 1758 ‚
1506 1717 1603 1757 mul—

182 1781 221 1808 ta
239 1769 350 1819 hujus
366 1768 616 1819 pulcherrimi
640 1769 810 1809 Testacei
840 1770 1019 1822 exempla
1049 1773 1198 1820 integra
1214 1771 1327 1822 plane
1347 1774 1480 1811 omnia
1495 1787 1603 1826 repe-

180 1825 442 1868 riuntur(a).
472 1820 637 1862 Fortaffe
670 1833 772 1862 terra
818 1823 913 1863 haec
944 1822 1200 1864 Certaldenfis
1232 1824 1455 1875 hujusmodi
1475 1828 1605 1868 Testa-

177 1880 254 1918 ceis
269 1875 428 1919 referta,
453 1890 502 1916 ex
525 1874 690 1931 ipsomet
718 1877 787 1918 illo
811 1879 913 1919 colle
937 1880 1053 1920 allata
1078 1878 1130 1919 est
1146 1906 1155 1921 ‚
1189 1890 1308 1933 atque
1333 1894 1381 1920 ex
1411 1879 1494 1936 ipsis
1527 1895 1605 1924 tor-

180 1933 352 1974 rentibus
369 1962 379 1977 ‚
407 1948 507 1987 quae
537 1934 738 1974 Boccatius
756 1936 795 1973 in
810 1936 899 1975 VII.
932 1935 1033 1975 libro
1060 1936 1270 1990 Philocopi
1297 1934 1350 1976 sui
1384 1951 1601 1983 memorat,

181 1991 322 2042 quique
337 2002 386 2029 ex
398 1988 455 2028 his
484 1992 640 2030 marinis
673 1993 818 2031 exuviis
848 1993 886 2031 in
917 2003 1052 2032 monte
1083 1993 1150 2031 illo
1181 1994 1344 2046 repertis
1364 2022 1373 2037 ,
1399 1995 1440 2034 &
1467 1995 1505 2033 in
1520 2008 1601 2036 ror-

180 2046 348 2085 rentibus
365 2044 465 2087 illis,
489 2045 783 2100 Cataclysmum
813 2060 925 2088 acute
955 2047 1129 2102 agnoscit
1159 2048 1253 2096 (h),
1285 2062 1521 2104 quamquam
1550 2052 1601 2092 fa·
1819 2094 1833 2101 ,

180 2100 278 2143 bulis
291 2100 422 2144 multis
438 2115 546 2144 more
561 2103 769 2144 Poetarum
784 2118 865 2145 rem
880 2119 1039 2145 omnem
1062 2102 1288 2158 permisceat
1304 2132 1313 2142 .
1337 2127 1369 2152 η
1626 2112 1660 2154 'gv
1679 2097 1844 2157 m'd'zffm
1862 2105 1966 2157 ,0184

914 2163 944 2202 B
974 2175 998 2205 2
1348 2154 1369 2187 ¹⁴
1509 2165 1601 2205 CA-

214 2275 269 2305 (α)
289 2272 385 2301 Verum
408 2285 440 2302 ex
460 2275 555 2303 litteris
594 2286 643 2303 uas
667 2285 747 2311 nuper
762 2275 799 2303 ad
816 2286 856 2303 me
875 2275 997 2305 dederunt
1023 2277 1076 2306 Vir
1111 2277 1265 2312 clariffimus
1289 2276 1424 2304 Nicolaus
1447 2277 1599 2305 Gualterc'zzs

315 2308 361 2348 fis:
379 2308 418 2336 D·
435 2310 540 2337 Etruria
558 2286 681 2338 laedit&
694 2332 702 2343 ,
722 2309 748 2338 ἃ
768 2310 884 2338 Ioannes
911 2312 1064 2340 Vincentius
1085 2312 1235 2347 Capponius
1259 2312 1407 2339 canonicus
1426 2311 1598 2339 florentinus

319 2342 372 2369 Vzr
388 2343 554 2379 nohiliffimus
574 2368 583 2378 ,
612 2343 638 2373 δ’
670 2345 700 2371 de
722 2344 826 2380 historia
847 2344 951 2373 Natura
981 2347 1075 2382 optime
1093 2348 1199 2374 meritus
1228 2369 1235 2379 ‚
1263 2346 1375 2380 cognovi
1404 2355 1497 2373 terram
1519 2346 1596 2374 illam

316 2376 442 2416 Miqlzelii
459 2389 510 2407 non
533 2379 647 2407 allatam
661 2379 738 2416 fuisse
756 2391 788 2407 cx
807 2380 927 2407 fenaldo
951 2381 1057 2417 illustris
1077 2381 1198 2408 Bora-acii
1217 2381 1307 2416 patria
1329 2403 1336 2412 ,
1361 2380 1410 2414 scd
1429 2391 1460 2407 ex
1481 2380 1535 2407 alio
1556 2381 1598 2408 lo-

319 2421 348 2450 co
364 2422 392 2439 m
410 2411 485 2449 Agra
503 2413 604 2448 Pisano
623 2416 646 2441 S.
667 2414 802 2442 Giovanni
821 2414 892 2442 deria
913 2417 986 2443 Vena
1005 2417 1071 2443 disto
1094 2439 1100 2448 ,
1127 2416 1199 2452 cujus
1222 2424 1289 2443 terra
1315 2413 1376 2441 Vin·
1395 2414 1527 2449 doffiffimi
1536 2417 1600 2451 spc-

320 2454 400 2473 cmzen
418 2451 452 2473 ad
468 2457 507 2474 me
524 2449 615 2475 iterum
632 2448 754 2483 miserunt
768 2470 773 2477 .

223 2475 278 2508 (b)
298 2475 361 2504 Boc.
381 2480 409 2506 in
429 2480 570 2517 Philocop.
597 2482 616 2509 l.
643 2493 667 2514 7.
693 2484 773 2512 Nessa
795 2482 931 2511 frutrifera
952 2483 1031 2512 Italia
1052 2483 1120 2512 ficdc
1144 2494 1197 2512 una
1220 2482 1333 2517 picciola
1354 2492 1428 2516 parte
1448 2481 1473 2509 di
1492 2483 1601 2543 1quella,

1502 2527 1597 2550 aqua-
