2125 2915
494 237 547 273 90
805 224 1276 267 APPENDIX
1337 227 1656 268 PRIMA.

493 320 553 350 ter
570 307 656 350 heic
674 319 908 350 memoratas
937 311 1184 365 reperiuntur
1202 340 1212 355 ‚
1243 313 1286 351 ἅ
1301 311 1532 367 praesertim
1562 313 1641 353 duo
1666 326 1807 367 genera
1823 342 1834 359 ,
1863 327 1962 367 quae

492 367 621 407 radios
645 366 792 419 pedalis
818 366 1076 421 longitudinis
1108 367 1278 414 habent,
1308 384 1475 424 quarum
1504 384 1624 411 unum
1640 371 1768 411 radios
1799 371 1959 424 quidem

491 422 609 464 habet
641 422 780 463 crassos
798 453 808 467 ,
839 425 881 463 &
897 437 1039 464 caVOS.
1071 425 1118 464 In
1135 423 1305 466 secundo
1321 441 1416 467 vero
1445 427 1544 467 radii
1574 426 1660 467 sunt
1683 427 1933 481 complanati
1949 458 1960 473 ,

491 491 538 520 ut
557 482 595 519 in
619 479 843 532 vulgaribus
870 479 996 520 stellis
1015 483 1157 536 Capite
1173 483 1264 522 1111.
1282 498 1303 523 a
1323 498 1383 523 me
1414 483 1614 538 descriptis
1633 511 1640 519 ·
1674 485 1798 539 Spinis
1830 484 1962 525 horre-

492 535 606 577 scunt
622 537 723 575 radii
756 536 795 573 in
820 544 989 591 utroque
1003 554 1169 593 genere.
1201 542 1406 580 Praeterea
1436 539 1736 595 frequentissima
1762 539 1814 580 est
1844 541 1962 581 Stella

490 593 683 647 quaedam
701 593 827 644 major
846 592 965 635 laevis
982 596 1143 649 quidem
1161 624 1170 639 ‚
1202 597 1244 636 δι
1260 599 1405 638 crebris
1435 597 1557 639 foveis
1575 599 1614 637 in
1629 598 1743 638 radiis
1761 599 1803 637 ὃς
1820 598 1859 636 in
1876 611 1965 637 cor-

489 664 586 704 pore
605 648 751 687 donata
767 679 776 694 ‚
807 650 850 689 &
875 647 979 691 flavo
996 652 1221 708 viscidoque
1236 653 1400 695 humore
1423 665 1509 695 tota
1526 656 1727 709 inquinata
1743 683 1754 698 ,
1781 668 1861 708 quo
1878 651 1964 693 infi-

489 708 647 745 ciuntur
672 704 789 760 digiti
807 733 817 748 ‚
835 707 878 746 &
897 723 1029 749 manus
1047 737 1056 752 ‚
1087 708 1112 749 fi
1128 713 1399 752 contradictur
1416 744 1423 751 .
1453 713 1666 768 Reperitur
1682 725 1840 765 quoque
1857 739 1866 754 ‚
1899 709 1962 750 sed

488 762 707 803 admodum
725 777 814 802 raro
831 791 841 806 ‚
858 764 977 805 Stella
992 768 1221 820 Pentagona
1239 798 1248 812 ,
1278 766 1353 808 fine
1371 769 1486 809 radiis
1505 797 1515 812 ‚
1547 768 1649 809 flavo
1674 767 1811 807 colore
1840 768 1964 806 dona·-

488 831 557 862 ta‚
589 820 632 858 &
662 820 783 880 veluti
812 818 1081 873 squammosa,
1111 826 1220 876 cujus
1252 823 1464 878 superiores
1493 824 1716 878 squammae
1747 824 1963 877 quadratae

487 876 602 922 sunt,
630 877 672 915 &
701 876 898 918 interiores
928 880 1124 921 rotundae
1154 880 1278 921 veluti
1310 894 1454 934 parvae
1477 880 1641 921 Stellae.
1677 879 1770 920 Tria
1803 891 1959 919 tantum

488 934 671 988 exempla
686 933 906 987 hujusmodi
939 937 1227 991 pulcherrimae
1245 938 1385 978 Stellae
1414 939 1521 981 vidi,
1554 951 1724 991 quorum
1754 950 1873 976 unum
1892 935 1962 974 do-

488 1005 541 1031 no
568 992 657 1031 dedi
678 991 926 1034 Fer-dinando
955 992 1079 1034 Baffio
1110 997 1241 1035 amico
1273 994 1404 1035 nostro
1421 1024 1431 1039 ‚
1462 991 1707 1035 Bononiensis
1725 993 1963 1033 Academiae

486 1047 659 1088 Instituti
677 1047 843 1089 Praesidi
861 1082 869 1090 .

545 1105 712 1144 XXXXI.
746 1105 905 1148 Ibidem.
940 1109 1132 1150 Dabimus
1163 1108 1203 1146 in
1220 1108 1452 1164 Appendice
1480 1107 1646 1149 secunda
1672 1106 1770 1146 Tab.
1788 1106 1858 1146 VI.
1888 1105 1966 1144 De-

490 1160 745 1216 scriptionem
767 1165 989 1206 uberiorem
1011 1165 1149 1206 Stellae
1175 1165 1326 1206 nostrae
1355 1166 1525 1220 vulgaris
1543 1167 1584 1205 &
1611 1164 1759 1203 latioris
1778 1190 1787 1204 ‚
1820 1161 1888 1202 ubi
1903 1174 1968 1214 pe·-

489 1219 556 1258 des
575 1219 770 1257 innumeri
792 1250 800 1264 ‚
819 1223 959 1271 quibus
978 1223 1182 1264 incedunt,
1202 1221 1469 1263 describentur
1485 1252 1495 1266 ,
1514 1224 1556 1261 &
1571 1220 1791 1260 Cerebrites
1809 1230 1967 1272 quoque

491 1274 648 1331 lapidea
667 1300 676 1316 ‚
706 1287 827 1327 quam
845 1278 884 1316 in
901 1276 1019 1317 dorso
1035 1280 1137 1331 gerit
1157 1305 1167 1319 ‚
1200 1280 1429 1319 notabitur.

545 1330 731 1373 XXXXH.
765 1332 849 1388 Pag.
870 1346 936 1384 43.
958 1332 1076 1374 numo·
1098 1334 1161 1374 ΙΙΙ.
1196 1334 1317 1375 Maffa
1343 1335 1437 1374 haec
1455 1333 1635 1374 informis
1666 1329 1728 1371 seu
1754 1332 1862 1370 C‘aro
1886 1344 1968 1370 ma-

490 1390 574 1430 rina
594 1387 689 1428 nihil
706 1387 811 1429 aliud
828 1389 880 1429 est
911 1388 977 1429 nis1
999 1390 1262 1443 fragmentum
1279 1390 1467 1444 Alcyonii
1485 1391 1592 1430 rubri
1608 1385 1760 1445 pulpofi
1778 1416 1788 1431 ,
1819 1387 1927 1440 quod
1944 1401 1967 1426 a

489 1460 551 1485 me
571 1445 741 1499 sequenti
760 1448 994 1501 Appendice
1010 1447 1250 1487 describetur
1264 1477 1275 1493 ,
1299 1449 1341 1487 ὃ(
1357 1446 1498 1500 figuras
1530 1447 1723 1487 adducam
1740 1459 1787 1485 ex
1802 1443 1902 1484 Tab.
1919 1447 1966 1486 X.

488 1501 555 1542 sub
571 1503 727 1542 Litteris
745 1504 783 1541 B.
803 1505 847 1542 C.
864 1505 913 1543 D.

417 1569 419 1579 ²
547 1558 750 1598 XXXXIII.
784 1559 917 1599 Ibidem
947 1558 1169 1599 num0.1111.
1203 1564 1298 1598 circa
1325 1560 1467 1610 finem·
1499 1559 1562 1598 De
1593 1559 1789 1609 Favagine
1815 1558 1854 1594 in
1882 1560 1966 1612 Ap-

488 1616 655 1670 pendice
671 1615 850 1654 dabimus
866 1617 1086 1654 uberiorem
1105 1613 1317 1655 Historiam
1336 1629 1426 1654 cum
1454 1612 1587 1668 figuris
1604 1641 1614 1656 ‚
1645 1614 1688 1652 &
1719 1611 1965 1653 ostendemus

487 1673 721 1725 Favaginem
738 1669 807 1711 esse
834 1673 969 1719 ovaria
986 1672 1187 1712 Cochleae
1207 1674 1422 1727 punc‘tatae
1441 1702 1451 1717 ‚
1480 1685 1580 1726 quae
1607 1672 1663 1710 ita
1694 1667 1862 1722 κηριάζει
1879 1699 1888 1714 ,
1922 1681 1966 1710 ut

487 1731 543 1768 ait
559 1726 786 1768 Aristoteles
820 1729 868 1770 de
885 1730 1064 1784 Purpura
1083 1757 1093 1772 ,
1124 1730 1184 1770 seu
1220 1726 1395 1770 favificat
1411 1757 1421 1772 ,
1452 1740 1498 1768 ut
1516 1731 1597 1782 ejus
1628 1729 1818 1782 interpres
1837 1728 1966 1783 loqui-

487 1798 551 1826 tur
570 1812 579 1827 ‚
613 1783 720 1825 favos
738 1784 886 1826 scilicet
900 1786 1017 1826 edens
1036 1816 1044 1824 .

543 1841 765 1881 XXXXIIII.
799 1842 887 1896 Pag.
908 1856 967 1890 ςο.
986 1843 1052 1881 Iin-
1076 1856 1135 1891 19.
1155 1841 1243 1882 Post
1259 1841 1381 1880 illud:
1413 1842 1549 1896 Qare
1577 1842 1684 1880 Bonos
1701 1844 1779 1882 illos
1795 1842 1965 1883 addatur

488 1898 714 1939 Academicos
729 1898 856 1938 Gallos
880 1909 1028 1952 apparet
1043 1900 1116 1942 &c.
1134 1900 1239 1938 Nam
1269 1895 1390 1950 aliqui
1418 1909 1467 1935 ex
1485 1895 1610 1934 Gallis
1631 1922 1641 1937 ,
1672 1897 1715 1934 ὃς
1733 1896 1963 1950 praesertim

487 1952 772 1995 Trevoltienses
803 1954 841 1994 id
867 1955 1019 1995 ditstum
1051 1956 1261 1995 voluerunt
1292 1953 1339 1994 de
1370 1949 1547 1992 universa
1564 1950 1775 1992 Gallorum
1805 1953 1962 1995 Gente‚

490 2010 552 2053 sed
576 2012 612 2049 π’
627 2011 736 2051 Bonos
769 2010 919 2052 dietum
941 2022 1094 2052 tantum
1124 2010 1196 2051 fuit
1224 2010 1271 2050 de
1288 2010 1535 2050 Academicis
1561 2009 1633 2048 illis
1651 2009 1771 2049 Gallis
1789 2038 1799 2052 ,
1831 2010 1900 2064 qui
1916 2009 1966 2050 ad

491 2068 642 2122 aliquot
671 2068 1052 2123 PortusGalliarum
1069 2070 1107 2108 in
1124 2070 1285 2109 Oceano
1316 2065 1411 2108 missi
1440 2065 1620 2111 fuerunt,
1651 2078 1695 2106 ut
1723 2066 1966 2107 observatio-

493 2140 556 2166 nes
582 2128 691 2167 circa
718 2123 862 2166 aestum
891 2127 1007 2166 maris
1041 2125 1284 2166 instituerent
1301 2156 1310 2171 ,
1342 2122 1511 2178 talesque
1537 2123 1769 2164 Academici
1795 2122 1968 2163 oscitan-

495 2195 553 2223 ter
570 2196 653 2223 rem
670 2182 930 2224 confecerunt
946 2212 956 2227 ‚
989 2189 1155 2238 majores
1187 2192 1342 2223 tantum
1368 2180 1487 2223 aestus
1505 2182 1544 2220 in
1561 2180 1770 2221 noviluniis
1787 2211 1798 2226 ‚
1828 2182 1870 2220 ὃ(
1885 2180 1968 2234 ple-

494 2239 653 2280 niluniis
682 2238 928 2281 observantes
944 2272 953 2286 ,
987 2241 1029 2280 &
1051 2241 1308 2294 neglexerunt
1332 2250 1486 2280 caetera
1515 2241 1629 2278 maris
1652 2250 1792 2278 eventa
1808 2266 1818 2281 ‚
1850 2248 1895 2276 ut
1912 2238 1967 2277 di-

497 2299 536 2336 xi
554 2298 590 2336 in
609 2296 814 2351 Apologia
843 2300 890 2338 ad
907 2296 1194 2339 Trevoltienses
1212 2328 1221 2344 ‚
1253 2311 1353 2353 quae
1372 2297 1475 2337 edita
1492 2294 1566 2335 fuit
1581 2310 1602 2334 a
1618 2297 1756 2336 Lamio
1787 2297 1826 2335 in
1842 2294 1968 2348 Ephe-

497 2354 707 2395 meridibus
724 2352 938 2396 florentinis
963 2370 1067 2395 anno
1096 2354 1301 2396 millesimo
1317 2350 1656 2411 septingenteslmo
1671 2350 1967 2408 quadragesimo

495 2422 638 2465 quarto
657 2439 666 2453 ‚
700 2414 842 2466 pagina
858 2410 1166 2467 quingentesima
1181 2410 1383 2468 vigesima.

556 2468 733 2509 XXXXV.
766 2469 899 2511 Ibidem
915 2472 980 2511 lin.
1003 2484 1066 2524 30.
1083 2470 1206 2526 Qod
1224 2470 1310 2511 heic
1340 2469 1540 2523 splendide
1558 2484 1580 2510 a
1596 2482 1657 2509 me
1674 2467 1828 2509 dietum
1845 2463 1970 2562 estsadrfi
