2125 2915
569 207 643 241 114
897 195 1264 238 APPENDIX
1309 197 1659 241 SECVNDA.‘

560 282 757 323 interdum
786 294 881 324 vero
896 284 1055 325 Conum
1086 284 1277 326 inversum
1299 286 1559 341 repraesentat
1575 316 1586 331 ‚
1615 299 1661 329 ut
1676 286 1728 330 est
1745 288 1841 331 illud
1870 289 1918 332 ad
1935 294 1982 334 C.

563 339 699 379 eadem
712 338 864 379 Tabula
880 354 890 384 ;
916 338 980 380 sed
995 341 1194 381 interdum
1211 340 1358 397 figurae
1374 343 1595 398 irregularis
1611 344 1664 385 est
1677 376 1688 390 ,
1719 348 1762 387 &
1773 346 1980 392 carnosum

558 408 679 448 quum
696 391 742 433 fir
758 396 881 435 varias
898 394 1042 436 formas
1058 397 1187 438 induit
1203 426 1213 441 ,
1245 413 1336 438 nam
1366 399 1463 440 illud
1481 398 1601 455 ipsum
1618 430 1628 445 ‚
1659 403 1766 456 quod
1795 404 1979 444 conicum

555 449 607 489 est
622 451 662 489 in
678 449 776 490 statu
791 452 983 497 naturali,
998 450 1025 492 fi
1039 451 1337 495 horizontaliter
1352 455 1587 501 collocetur,
1604 458 1881 512 complanatur
1899 490 1909 504 ‚
1934 461 1978 500 &

555 514 649 546 tunc
665 507 834 560 pyramis
851 507 1022 561 depressa
1046 521 1214 564 apparet
1229 538 1239 553 ‚
1271 513 1314 552 &
1329 509 1354 553 fi
1368 513 1596 553 obvertatur
1626 525 1763 555 vertex
1792 516 1884 554 coni
1899 513 1977 555 sen-

554 559 623 601 fim
651 562 913 613 deprimitur,
943 575 989 603 ut
1019 566 1281 620 cylindricum
1309 568 1552 623 Alcyonium
1569 581 1784 623 appareat.
1817 571 1880 609 Ad
1898 584 1979 610 ma-

554 630 674 671 gnam
703 617 850 659 molem
875 620 1075 662 interdum
1103 621 1288 678 assurgit,
1321 636 1366 665 ut
1397 623 1662 679 sesquipedalis
1693 624 1737 666 fit
1767 625 1979 679 longitudi-

552 676 635 718 nis,
665 675 855 727 &pedali
885 675 1122 723 latitudine;
1152 691 1262 733 grate
1276 680 1359 721 olet
1378 709 1387 723 ‚
1417 680 1678 722 &dissectum
1709 683 1833 723 varias
1861 679 1976 722 fibras

552 727 745 774 ostendit,
776 746 876 786 quae
902 733 1014 775 albae
1043 734 1156 780 sunt,
1186 739 1313 777 rectae
1330 738 1526 778 interdum
1545 765 1556 781 ‚
1588 737 1651 781 sed
1679 738 1907 793 plerumque
1923 739 1978 777 in-

553 796 709 830 tortae,
749 799 795 827 ut
822 790 1058 831 vermiculos
1083 792 1333 844 imperfectos
1363 793 1556 836 referant,
1601 795 1670 846 qui
1699 795 1845 834 lateant
1873 797 1977 834 intra

553 856 696 897 corpus
727 843 805 884 hoc
837 845 1046 901 pulposum
1075 847 1385 900 carnosumque‚
1416 849 1523 902 quod
1550 848 1685 889 colore
1701 850 1977 904 Cydoniorum

551 900 642 953 gelu
665 899 784 941 refert
799 929 808 944 ‚
841 900 904 941 seu
920 902 1054 943 melius
1083 903 1257 944 radicem
1281 905 1398 946 Betae
1425 906 1564 945 rubrae
1593 919 1779 945 romanae
1808 906 1947 946 assatae
1966 932 1974 941 -

550 955 685 996 Fibrae
702 956 791 998 illae
821 959 994 1000 intortae
1011 960 1243 1001 vermiculos
1261 959 1467 1001 referentes
1485 989 1495 1004 ‚
1511 963 1553 1001 &
1577 961 1686 1002 albae
1702 973 1917 1002 cernuntur
1935 963 1975 1000 in

551 1023 665 1065 parte
691 1012 848 1055 dissecta
865 1016 913 1054 D.
945 1016 1136 1057 &ablata
1166 1032 1188 1056 a
1218 1014 1341 1070 figura
1355 1019 1401 1057 C.
1419 1019 1458 1057 in
1474 1028 1584 1073 parte
1613 1018 1646 1057 d.
1665 1017 1830 1058 Fortaffe
1856 1017 1904 1060 ad
1922 1019 1975 1057 in⁴

550 1067 745 1110 serstorum
769 1071 907 1112 nidum
937 1072 1181 1114 referendum
1198 1072 1250 1113 est
1265 1074 1341 1113 hoc
1370 1073 1611 1128 praegrande
1627 1073 1814 1129 Alcyonii
1830 1086 1947 1127 genus
1963 1101 1975 1119 ‚

552 1127 660 1178 quod
677 1125 840 1169 infixum
858 1129 1088 1185 plerumque
1110 1132 1149 1169 in
1166 1131 1383 1185 petrobryo
1400 1131 1431 1170 b.
1447 1131 1490 1170 ὃ(
1505 1146 1532 1170 e.
1550 1133 1744 1184 reperitur
1762 1159 1768 1165 -

608 1181 655 1220 11.
687 1184 795 1223 Dum
812 1186 907 1226 haec
930 1186 1142 1228 edebantur
1159 1186 1278 1227 allata
1292 1185 1377 1227 sunt
1405 1187 1502 1228 mihi
1519 1188 1625 1229 varia
1656 1185 1769 1240 hujus
1787 1187 1975 1242 Alcyonii

551 1237 732 1294 exempla
748 1267 759 1282 ‚
788 1254 837 1281 ex
852 1243 991 1294 quibus
1008 1247 1179 1298 cognovi
1196 1245 1382 1296 Januario
1402 1246 1445 1284 ὃς
1462 1244 1670 1284 Februario
1701 1242 1828 1284 mense
1841 1258 1886 1282 ea
1901 1243 1973 1284 effe

549 1294 667 1335 rubra
683 1325 694 1341 ‚
726 1296 893 1350 pulposa
909 1326 920 1342 ,
949 1299 1117 1340 odorata
1134 1327 1145 1343 ‚
1163 1302 1204 1339 δε
1228 1299 1491 1343 consistentiae
1507 1300 1629 1341 veluti
1659 1299 1749 1353 gelu
1766 1299 1974 1352 Cydonio-

550 1364 639 1390 rum
662 1382 673 1397 ,
715 1351 802 1396 seu,
834 1364 878 1394 ut
908 1356 1041 1395 melius
1072 1356 1275 1398 dixeram,
1308 1357 1449 1395 radicis
1475 1357 1592 1395 Betae
1623 1355 1760 1394 rubrae
1783 1368 1971 1396 romanae

550 1406 691 1448 affatae
707 1439 718 1452 ‚
742 1424 876 1450 verum
907 1413 1014 1452 circa
1042 1408 1159 1451 finem
1192 1409 1323 1452 mensis
1341 1412 1476 1455 Martii
1505 1422 1684 1450 naturam
1709 1421 1891 1456 mutant,
1925 1412 1970 1453 &

506 1464 508 1466 ’
550 1460 623 1503 suis
648 1463 795 1505 sedibus
822 1467 950 1507 avulsa
965 1469 1004 1507 in
1022 1467 1177 1508 maffam
1194 1466 1437 1523 spongiosam
1455 1498 1465 1512 ,
1496 1465 1600 1520 quafi
1618 1466 1789 1520 ligneam
1806 1481 1971 1508 conver-

544 1528 688 1560 tuntur
717 1520 972 1565 foraminibus
989 1523 1198 1563 scatentem
1216 1553 1224 1565 ‚
1248 1525 1291 1559 &
1306 1522 1399 1560 flavi
1413 1523 1557 1560 coloris
1577 1550 1585 1563 ,
1604 1538 1702 1573 quae
1730 1524 1839 1574 aquis
1857 1524 1968 1562 inna-

548 1585 610 1614 tat
626 1603 635 1618 ‚
651 1577 694 1614 &
709 1574 734 1616 si
749 1576 953 1617 dissecetur
970 1607 980 1621 ‚
1011 1578 1203 1617 foramina
1235 1575 1302 1614 illa
1330 1578 1483 1626 majora
1502 1586 1696 1627 apparent
1720 1575 1941 1616 intrinsecus
1956 1605 1968 1621 ,

547 1642 592 1670 ut
610 1642 823 1671 cernuntur
853 1633 894 1674 in
925 1630 1085 1672 frustulo
1112 1631 1183 1671 illo
1214 1630 1373 1671 dissecto
1394 1661 1403 1675 ‚
1433 1632 1476 1670 δε
1494 1632 1531 1669 in
1547 1630 1644 1670 Tab·
1665 1630 1772 1672 VIII*
1807 1628 1877 1670 sub
1907 1631 1969 1671 lit·

546 1696 629 1726 tera
646 1688 682 1725 Β.
714 1688 951 1728 aVitaliano
981 1690 1146 1730 Donato
1175 1688 1298 1728 relato
1315 1715 1325 1730 ‚
1357 1688 1464 1742 quod
1490 1687 1716 1741 portionem
1733 1685 1803 1729 effe
1817 1686 1965 1741 Alcyo-

547 1743 601 1783 nii
629 1744 747 1796 primi
769 1743 1011 1786 Dioscoridis
1040 1745 1209 1786 credidit
1227 1772 1236 1787 ‚
1268 1745 1454 1797 deceptus
1471 1741 1577 1797 quod
1595 1743 1789 1783 interdum
1819 1743 1968 1798 Alcyo-

546 1800 608 1839 nia
634 1797 700 1838 ista
724 1798 961 1837 foraminoia
977 1799 1123 1850 figurae
1153 1799 1346 1835 rotundae
1375 1799 1447 1838 lint
1463 1829 1472 1842 ,
1506 1811 1549 1838 ut
1576 1797 1629 1838 est
1653 1798 1748 1839 illud
1766 1797 1967 1842 Dioscori-

546 1854 630 1900 dis,
660 1853 768 1906 quod
799 1852 848 1891 ad
881 1853 1082 1904 ingentem
1122 1851 1267 1890 molem
1294 1853 1491 1890 interdum
1523 1854 1735 1896 excrescit,
1765 1854 1968 1895 &Turm-

546 1923 634 1950 rum
663 1909 823 1948 Tiaram
848 1906 964 1946 refert
992 1937 1003 1952 ,
1039 1908 1082 1945 &
1111 1917 1323 1959 propterea
1352 1921 1374 1945 a
1414 1905 1547 1945 nostris
1580 1906 1762 1946 Turbante
1791 1908 1963 1947 dicitur.

546 1964 743 2019 Alcyonia
760 1959 826 2002 ista
843 1960 1076 2003 foraminosa
1091 1960 1283 2003 exficcata
1308 1960 1454 2001 flavum
1472 1960 1647 2000 colorem
1677 1961 1889 2003 amittunt,
1920 1964 1964 2007 ὃς

545 2022 781 2077 nigricantia
808 2030 1029 2076 apparent,
1059 2033 1140 2059 non
1169 2020 1319 2072 ingrate
1348 2017 1483 2063 olent,
1512 2014 1575 2057 sed
1592 2017 1692 2057 odor
1714 2015 1882 2058 diversus
1911 2018 1964 2061 est

546 2091 569 2116 a
597 2077 817 2118 recentibus
834 2102 843 2112 ·

618 2134 691 2173 ΙΙΙ.
737 2132 883 2173 Eodem
915 2143 1095 2188 tempore
1125 2131 1245 2172 allata
1279 2130 1366 2172 sunt
1396 2131 1493 2172 mihi
1523 2144 1692 2184 corpora
1723 2132 1847 2171 multa
1875 2131 1960 2172 illa-

545 2204 635 2231 rum
665 2203 794 2230 rerum
823 2217 834 2233 ‚
873 2204 972 2244 quae
1017 2190 1120 2230 idem
1149 2189 1365 2229 Vitalianus
1410 2191 1587 2229 Donatus
1619 2186 1751 2241 Tethya
1774 2189 1960 2242 sphaerica

545 2247 817 2299 nuncupavit,
859 2245 919 2286 sed
944 2260 1042 2300 quae
1073 2245 1210 2285 melius
1242 2245 1482 2288 Holothuria
1511 2243 1688 2288 dixisset,
1727 2246 1886 2298 quando
1914 2259 1960 2285 ea

544 2302 741 2358 supponat
759 2302 808 2342 ab
825 2302 906 2342 aliis
937 2303 1170 2357 corporibus
1187 2317 1236 2343 ex
1269 2315 1408 2342 natura
1426 2301 1488 2342 sua
1510 2300 1581 2340 effe
1616 2301 1780 2339 omnino
1810 2300 1930 2339 libera
1947 2331 1958 2345 ,

543 2360 588 2398 &
620 2369 773 2399 tantum
803 2361 843 2398 in
874 2359 1066 2400 senectute
1096 2360 1139 2398 iis
1170 2359 1353 2403 haerere;
1385 2372 1517 2399 verum
1549 2355 1632 2400 sunt
1660 2355 1806 2411 semper
1824 2357 1960 2396 Petro-

544 2417 650 2470 bryis
668 2415 780 2457 valde
796 2414 995 2457 haerentia
1012 2444 1022 2460 ‚
1053 2417 1096 2456 ὃς
1113 2416 1158 2456 iis
1174 2413 1201 2456 fi
1216 2431 1296 2456 non
1326 2415 1512 2457 haereant
1529 2442 1540 2459 ‚
1569 2414 1798 2455 cicatricem
1814 2412 1960 2453 habent

1869 2482 1957 2509 cum
