2125 2915
503 228 554 267 92
809 216 1280 257 APPENDIX
1339 213 1652 260 PRIMA.

503 300 785 341 exundantium
800 311 980 356 tempore
1009 314 1239 355 magnarum
1255 303 1479 346 Pluviarum
1496 334 1507 349 ,
1536 304 1579 344 δί
1602 305 1766 346 Nivium
1786 304 1965 360 liquatio-

502 370 597 397 num
615 388 625 402 ,
657 372 746 398 eum
776 358 951 398 dixerint
984 356 1054 397 effe
1088 370 1243 412 partem
1273 362 1342 402 vix
1370 358 1616 401 centesimam
1646 360 1961 416 septuagesimam

501 415 706 467 quintam.
739 416 797 454 Ex
830 412 992 467 ingressu
1015 414 1128 458 limi,
1156 430 1293 456 arenae
1310 445 1320 460 ‚
1351 417 1529 472 glareae,
1561 417 1801 472 aliarumque
1830 433 1962 458 rerum

501 471 632 510 oritur
661 471 830 511 elevatio
856 470 956 511 alvei
973 472 1139 514 marini,
1170 474 1405 514 &omnium
1431 473 1610 514 locorum
1642 474 1691 514 ad
1719 489 1824 515 mare
1856 475 1967 528 adja-

501 528 701 571 centium;
734 529 780 565 Et
807 526 902 565 haec
927 526 1094 568 elevatio
1122 527 1175 569 est
1201 531 1310 570 unius
1335 530 1442 584 pedis
1474 529 1678 586 parisiensis
1697 559 1706 574 ‚
1740 530 1800 571 seu
1833 532 1962 571 veneti

502 580 655 635 singulis
674 583 890 622 tricenariis
908 613 919 628 ‚
949 584 1057 637 quod
1073 583 1223 627 ostendi
1241 587 1367 640 potest
1389 601 1438 627 ex
1455 588 1570 628 variis
1596 587 1932 629 observationibus
1949 615 1960 630 ‚

500 637 564 678 sed
587 637 817 690 praesertim
849 654 897 680 ex
913 640 1001 693 pilis
1018 641 1153 687 Pontis
1186 643 1303 683 nostri
1319 646 1466 698 egregii
1484 645 1533 684 ab
1550 643 1726 699 Augusto
1746 673 1755 687 ‚
1786 645 1829 683 &
1843 644 1964 684 Tibe-

497 696 558 733 rio
585 693 769 736 exstructi
787 727 794 734 .
826 696 933 736 Pilae
948 698 1050 737 enim
1068 699 1203 740 Pontis
1230 699 1342 753 hujus
1359 702 1504 754 egregii
1521 699 1583 741 sex
1613 701 1675 742 vel
1690 700 1836 757 septem
1854 702 1964 754 pedi-

497 751 566 791 bus
584 752 623 789 in
640 752 772 792 Arena
789 780 800 795 ‚
831 753 874 792 &
888 753 1031 794 Glarea
1060 753 1230 810 sepultae
1246 784 1256 799 ,
1286 756 1544 797 &immersae
1569 761 1702 810 jacent
1717 785 1727 800 ‚
1756 760 1799 798 &
1826 759 1864 796 in
1881 757 1962 797 dies

496 805 736 862 sepeliuntur
755 837 765 852 ,
796 810 838 849 &
854 812 954 850 Pons
986 810 1052 851 iste
1067 813 1174 852 circa
1205 814 1360 852 initium
1387 816 1512 853 Aer-ae
1536 814 1778 853 Christianae
1793 844 1803 859 ‚
1831 825 1877 853 ut
1894 828 1964 854 vo-

495 876 592 904 cant
612 896 622 909 ,
656 864 728 906 fuit
751 867 934 907 conditus
953 899 960 906 .
993 869 1128 920 Qtare
1145 867 1169 908 si
1194 869 1294 909 Pons
1312 867 1378 908 iste
1393 871 1567 924 egregius
1593 869 1642 909 ad
1667 869 1819 922 aliquot
1833 868 1963 910 saecu-

495 921 534 961 la
551 922 708 962 durabit
720 951 729 965 ,
750 924 886 963 inutile
904 926 1019 978 plane
1035 927 1111 965 erit
1128 956 1135 964 .
1167 928 1306 979 Aquae
1322 928 1424 966 enim
1444 924 1610 967 fluminis
1628 925 1745 966 nostri
1761 939 1830 980 per
1846 939 1959 966 arcus

495 980 574 1030 ejus
607 993 687 1019 non
717 980 884 1035 amplius
916 995 1116 1035 permeare
1145 994 1336 1036 poterunt
1358 1011 1367 1026 ‚
1400 997 1521 1037 quare
1551 985 1652 1022 Pons
1687 982 1834 1022 inutilis
1865 995 1960 1022 tunc

495 1037 571 1075 erit
588 1064 598 1079 ‚
630 1038 697 1090 qui
715 1051 782 1077 aut
799 1038 1068 1080 demoliendus
1086 1049 1180 1079 tunc
1197 1041 1272 1080 erit
1289 1067 1299 1083 ,
1328 1038 1390 1079 vel
1407 1040 1545 1093 Aquae
1568 1035 1752 1079 Fluminis
1769 1039 1847 1080 alio
1863 1039 1964 1078 deri-

495 1093 645 1133 vandae
665 1106 779 1134 erunt
796 1123 806 1138 ‚
838 1097 881 1135 &
903 1096 1195 1150 detorquendae
1212 1128 1219 1135 .

555 1148 607 1187 LI
648 1151 732 1203 Pag.
751 1167 815 1198 70.
848 1153 976 1193 Lineis
1007 1155 1112 1193 circa
1142 1151 1288 1198 finem,
1317 1157 1360 1196 ὃς
1394 1156 1537 1210 pagina
1566 1152 1741 1208 sequenti
1776 1150 1962 1192 habemus

496 1205 634 1244 Virum
666 1206 928 1248 Clarissimum
946 1239 956 1253 ‚
989 1211 1031 1249 &
1061 1211 1235 1251 amicum
1261 1210 1437 1252 nostrum
1463 1213 1557 1252 dum
1581 1212 1732 1250 viveret
1761 1209 1963 1249 Andream

498 1259 665 1302 Celsium
683 1263 867 1303 miratum
883 1264 986 1304 fuiffe
1011 1265 1059 1305 de
1076 1266 1297 1307 elevatione
1316 1267 1423 1307 fundi
1440 1266 1559 1307 nostri
1572 1267 1686 1306 maris
1702 1293 1713 1308 ‚
1748 1266 1791 1304 &
1806 1264 1854 1303 de
1870 1278 1962 1317 aug-

494 1328 631 1359 mento
656 1319 872 1359 Terrarum
895 1321 944 1360 ad
974 1322 1103 1361 Littus
1134 1325 1247 1362 maris
1265 1353 1275 1368 ,
1307 1326 1349 1363 ὃς
1378 1323 1418 1363 id
1435 1322 1674 1376 opinabatur
1700 1334 1780 1361 non
1806 1320 1961 1359 evenire

494 1376 535 1414 in
566 1375 718 1416 Baltico
747 1374 813 1416 suo
831 1405 839 1413 .
873 1379 1020 1417 Verum
1045 1378 1211 1418 Carolus
1243 1380 1431 1419 Linnaeus
1447 1379 1651 1431 Popularis
1669 1377 1751 1417 suus
1771 1407 1780 1421 ,
1811 1377 1854 1416 &
1883 1378 1964 1416 exi-

495 1434 593 1471 mius
618 1434 854 1478 Botanicus‚
893 1435 936 1473 &
962 1434 1111 1474 Rerum
1143 1435 1382 1475 naturalium
1413 1437 1615 1475 Scrutator
1647 1429 1962 1489 diligentissimus

494 1487 719 1529 observavit
743 1491 786 1529 ὃς
802 1488 880 1545 ipse
897 1491 936 1530 in
955 1491 1105 1530 Baltico
1122 1492 1258 1531 eadem
1275 1490 1369 1531 haec
1387 1490 1563 1531 accidere
1579 1521 1589 1536 ‚
1620 1504 1717 1544 quae
1741 1492 1780 1530 in
1798 1489 1962 1529 Hadria-

494 1546 579 1585 tico
609 1547 796 1586 accidunt
813 1576 823 1590 ,
851 1546 999 1586 scilicet
1030 1547 1183 1586 alveum
1200 1547 1368 1587 elevari,
1403 1549 1444 1585 ὃς
1466 1560 1584 1597 aquas
1614 1545 1870 1586 indesinenter
1896 1545 1964 1583 de-

495 1600 664 1642 crescere
681 1631 692 1646 ,
723 1611 768 1640 ut
791 1603 1003 1642 Terrarum
1032 1601 1256 1654 amplitudo
1280 1603 1320 1640 in
1349 1601 1428 1641 dies
1457 1597 1528 1640 fiat
1545 1602 1697 1652 major,
1729 1612 1774 1639 ut
1802 1601 1963 1639 tandem

495 1661 726 1713 contingere
762 1655 881 1711 possit
910 1658 1133 1697 Stoicorum
1163 1659 1281 1698 Orbis
1313 1657 1508 1710 terraquei
1536 1654 1820 1710 conflagratio;
1849 1657 1891 1695 ὃς
1922 1655 1964 1696 id

495 1717 726 1770 contingere
758 1712 886 1768 potest
909 1715 1026 1755 variis
1043 1714 1259 1754 rationibus
1277 1742 1287 1757 ‚
1313 1714 1354 1752 &
1372 1715 1503 1769 primo
1520 1744 1530 1759 ,
1559 1714 1667 1767 quod
1697 1715 1804 1754 nives
1821 1713 1869 1752 ad
1889 1713 1965 1752 Po-

495 1771 552 1811 los
583 1769 734 1825 semper
767 1770 948 1811 crescant
974 1799 984 1814 ,
1015 1771 1059 1810 δε
1089 1785 1301 1824 numquam
1332 1772 1498 1810 omnino
1529 1769 1766 1824 liquescant:
1795 1769 1963 1810 secundo

495 1828 604 1882 quod
623 1832 738 1881 Aqua
758 1858 769 1872 ,
799 1841 898 1880 quae
915 1828 964 1866 ad
980 1825 1306 1880 compositionem
1324 1826 1576 1865 Metallorum
1595 1854 1605 1868 ,
1636 1828 1829 1881 Lapidum
1846 1854 1856 1870 ‚
1887 1825 1962 1867 Te-

495 1885 740 1926 staceorum,
777 1884 820 1921 &
850 1879 1002 1921 Offium
1033 1880 1276 1921 Animalium
1308 1881 1361 1919 est
1394 1879 1599 1919 neceffaria
1624 1910 1634 1924 ‚
1675 1895 1888 1933 numquam
1922 1885 1961 1921 in

499 1954 643 1993 aquam
669 1941 812 1979 iterum
831 1937 1046 1979 resolvatur
1062 1968 1072 1983 ,
1087 1951 1207 1992 quum
1224 1936 1386 1992 Lapides
1404 1936 1447 1975 &
1463 1935 1598 1976 Testae
1615 1964 1625 1981 ‚
1655 1935 1821 1990 Offaque
1842 1936 1964 1976 duris-

497 1994 589 2037 fima
619 1996 866 2037 Animalium
893 1993 1039 2050 semper
1069 1995 1164 2034 talia
1191 2004 1445 2038 remaneant,
1473 2003 1519 2032 ut
1549 2006 1598 2032 ex
1629 1993 1674 2031 iis
1705 1991 1959 2048 praesertim,

498 2067 599 2107 quae
631 2050 769 2093 foffilia
799 2050 907 2094 sunt,
937 2054 979 2092 ὃς
1009 2051 1326 2093 antediluviana‚
1359 2048 1423 2090 seu
1444 2049 1642 2090 diluviana
1672 2049 1793 2104 vulgo
1825 2049 1961 2089 dicun-

499 2121 565 2150 tur
581 2138 591 2153 ,
623 2121 792 2165 apparet
807 2137 814 2145 .
845 2110 1114 2165 Reperiuntur
1131 2109 1233 2147 enim
1260 2108 1299 2147 in
1315 2106 1516 2147 Montibus
1545 2103 1681 2146 foffiles
1699 2108 1872 2147 marinae
1888 2106 1963 2146 Te-

500 2165 577 2207 stae
593 2181 725 2207 omnes
744 2196 754 2212 ,
784 2167 826 2205 &
843 2165 1017 2207 Corallia
1033 2195 1043 2210 ,
1058 2167 1100 2205 ἃ
1116 2163 1206 2204 Offa
1222 2163 1347 2204 multa
1362 2163 1604 2204 Animalium
1619 2162 1873 2203 Terrestrium
1890 2191 1899 2205 ,
1916 2164 1960 2202 &

500 2224 743 2264 Marinorum
761 2251 771 2266 ‚
802 2225 845 2263 ὃς
873 2220 1102 2276 praesertim
1118 2222 1263 2261 Dentes
1281 2251 1291 2266 ,
1321 2231 1367 2260 ut
1389 2218 1476 2262 sunt
1492 2219 1549 2260 illi
1563 2220 1787 2259 Lamiarum
1807 2218 1958 2260 Gloffo-

501 2292 636 2336 petrae
658 2281 756 2321 diecti
773 2308 783 2324 ‚
815 2281 858 2319 &
880 2279 1138 2335 Elephantum
1153 2280 1298 2318 Dentes
1315 2278 1417 2319 Ebur
1440 2274 1560 2319 fossile
1581 2278 1798 2330 nuncupati
1816 2304 1823 2312 .

562 2337 643 2378 LII·
675 2338 761 2393 Pag.
779 2351 838 2385 72.
857 2338 879 2376 l.
899 2350 948 2385 14.
978 2336 1138 2376 Moenia
1155 2336 1432 2375 Romanorum
1447 2334 1589 2376 vocavi
1618 2332 1685 2372 illa
1703 2362 1713 2376 ‚
1747 2347 1845 2388 quae
1862 2330 1962 2372 latis-

505 2392 596 2435 fima
612 2423 623 2438 ‚
652 2395 694 2434 &
712 2392 920 2434 fortislima
936 2393 1023 2433 sunt
1036 2424 1047 2439 ,
1078 2390 1306 2446 praesertim
1323 2392 1371 2431 ad
1388 2405 1472 2432 eam
1486 2391 1604 2431 Vrbis
1629 2389 1777 2431 nostrae
1794 2400 1961 2444 partem,

506 2466 604 2506 quae
625 2466 728 2492 mare
746 2449 901 2505 respicit
918 2479 928 2495 ‚
959 2461 1003 2490 ut
1032 2450 1095 2492 vel
1110 2450 1159 2490 ab
1175 2446 1351 2504 Augusto
1381 2446 1462 2503 ipso
1492 2448 1655 2487 condita
1671 2447 1777 2488 fuisse
1794 2447 1966 2487 diceren-

1877 2514 1938 2541 tur
1952 2527 1962 2542 ³
