2145 2910
450 219 1288 263 AESTVSMARITIMI
1548 238 1597 270 71

149 305 251 346 hanc
267 305 383 346 Alvei
410 305 695 349 elevationem,
725 308 793 346 Vir
822 316 957 347 acutus
991 320 1113 361 quum
1145 305 1237 346 talia
1270 305 1308 344 in
1346 302 1499 343 Baltico
1531 301 1598 344 suo

152 363 332 402 accidere
348 377 424 402 non
442 361 667 403 observasset
685 392 694 406 ‚
721 361 781 403 sed
800 365 928 418 potius
946 364 1144 403 contraria
1161 394 1172 408 ,
1199 361 1368 416 deprimi
1385 358 1536 400 scilicet
1553 359 1600 399 il-

152 418 227 459 leic
259 434 364 460 mare
392 422 436 459 ὃς
467 421 617 463 minui,
650 430 942 474 argumentatus
972 434 1105 460 veram
1130 418 1200 460 effe
1231 419 1457 459 doctrinam
1492 416 1600 458 illam

151 477 465 516 Newtonianam
481 507 490 521 ,
522 491 597 530 qua
617 476 870 530 intelligimus
886 478 1019 515 omnia
1037 473 1167 516 senfim
1184 473 1310 517 versus
1341 484 1602 528 aequatorem

152 529 350 571 confluere
368 560 378 574 ,
408 534 450 572 &
476 535 619 586 majori
650 533 810 586 quidem
840 533 1050 572 velocitate
1066 535 1108 573 &
1123 532 1388 586 proportione
1405 534 1444 570 in
1459 528 1598 569 nostris

150 588 393 640 Regionibus
413 616 422 631 ‚
440 603 538 642 quae
554 590 774 643 Aequatori
792 587 875 628 sunt
905 590 1236 642 proquinquiores
1254 618 1264 633 ,
1295 591 1411 640 quam
1443 587 1482 625 in
1505 584 1576 625 suis
1593 614 1604 629 ‚

151 655 249 696 quae
274 644 322 683 ab
339 642 422 698 ipso
439 647 668 686 remotiores
694 646 736 684 &
753 645 856 684 Polis
874 646 1024 686 vicinae
1041 659 1050 688 ;
1069 644 1282 684 utGlobus
1298 643 1546 696 Terraqueus
1564 643 1604 682 in

151 699 231 739 dies
261 700 308 739 ad
326 700 605 756 sphaeroidem
635 699 800 754 figuram
833 702 875 740 in
900 700 1004 754 polis
1031 703 1152 754 magis
1180 700 1475 754 complanatam
1496 712 1607 738 acce-

149 755 219 794 dat
236 785 245 798 ‚
273 767 316 795 ut
348 758 504 797 tandem
524 786 533 801 ,
564 769 608 797 ut
637 772 711 810 ego
727 757 886 811 quidem
904 758 1075 796 arbitror
1091 785 1100 799 ‚
1133 755 1159 796 fi
1175 757 1269 796 haec
1291 770 1385 796 vera
1402 753 1474 794 fint
1490 785 1499 799 ,
1531 756 1607 796 Or-

151 811 207 849 bis
220 810 461 865 Terraqueus
490 829 569 852 non
594 814 758 866 amplius
789 813 940 853 Globus
972 841 981 854 ‚
1010 810 1072 851 sed
1105 827 1245 865 magna
1261 813 1371 851 Rota
1395 812 1600 851 videatur.

150 867 296 904 Verum
321 870 510 921 quicquid
541 867 586 909 fit
615 870 663 908 de
695 869 767 908 bac
797 883 838 909 re
856 898 865 912 ‚
896 882 943 908 ex
969 867 1306 909 observationibus
1323 867 1605 907 concludamus

151 920 264 962 licet,
285 923 394 961 Mare
421 923 592 963 nostrum
610 927 648 963 in
664 924 742 964 dies
775 926 815 963 in
845 925 973 964 Alveo
1004 922 1071 963 suo
1100 926 1212 964 altius
1244 923 1458 978 affurgere‚
1492 921 1600 976 quod

150 977 193 1015 &
206 975 442 1019 Fluminibus
457 981 638 1019 omnibus
656 993 725 1033 per
741 980 829 1019 loca
844 980 963 1035 plana
978 978 1278 1021 discurrentibus
1296 979 1348 1020 est
1364 994 1453 1020 com
1461 993 1576 1020 mune
1588 1010 1596 1018 .

533 1091 1093 1133 SCHOLIVM
1150 1092 1231 1132 ΙΙΙ.

153 1205 251 1292 V
270 1204 412 1242 Idimus
436 1204 476 1242 in
500 1203 760 1256 superioribus
776 1206 887 1244 Mare
918 1204 1088 1243 nostrum
1106 1204 1214 1243 velut
1246 1217 1432 1256 magnum
1466 1204 1601 1245 Fluen-

283 1269 366 1298 tum
394 1272 525 1298 revera
555 1258 671 1298 fluere
690 1289 700 1303 ,
731 1262 773 1298 &
800 1261 843 1297 in
871 1258 984 1299 alveo
1013 1257 1078 1298 suo
1095 1257 1253 1301 attolli,
1284 1273 1404 1312 quare
1434 1272 1601 1314 apparet

152 1316 195 1354 ὃς
218 1312 287 1368 ipsi
316 1314 482 1367 reliquas
501 1314 718 1353 Fluminum
736 1316 1001 1368 proprietates
1033 1316 1242 1355 convenire
1272 1343 1281 1357 ‚
1313 1315 1429 1355 Alvei
1461 1330 1603 1371 nempe

153 1371 441 1417 Mutationem,
474 1368 776 1413 Corrofionem‚
808 1371 1062 1411 Alluvionem
1096 1399 1103 1406 .
1147 1373 1207 1410 De
1238 1372 1366 1426 prima
1405 1371 1492 1412 heic
1524 1375 1605 1426 pri-

155 1442 263 1466 mum
292 1428 409 1467 verba
437 1426 620 1467 faciemus
646 1455 655 1468 ‚
688 1441 807 1480 quum
839 1440 887 1466 ex
914 1425 992 1481 ipsa
1017 1427 1187 1481 reliquae
1217 1428 1339 1468 veluti
1374 1428 1571 1480 pendeant
1591 1456 1599 1464 .

153 1484 325 1537 Qando
356 1494 486 1524 autem
516 1483 607 1523 dico
627 1485 738 1522 Mare
755 1483 925 1524 Alveum
950 1481 1057 1523 suum
1077 1494 1230 1523 mutare
1248 1512 1257 1526 ‚
1288 1483 1328 1523 id
1355 1484 1601 1524 intellec‘tum

154 1542 248 1578 volo
265 1569 274 1582 ,
305 1553 385 1577 non
414 1539 520 1589 quod
537 1541 702 1575 omnino
733 1549 860 1576 mutet
876 1541 918 1577 ὃς
937 1553 1006 1589 per
1022 1542 1156 1577 omnia
1173 1567 1182 1579 ,
1214 1538 1275 1577 sed
1293 1549 1448 1579 tantum
1465 1541 1605 1579 identi-

157 1594 247 1632 dem
265 1620 273 1633 ‚
303 1595 345 1632 ὃς
375 1590 605 1645 quibusdam
623 1594 661 1630 in
677 1592 771 1631 locis
789 1622 797 1636 ‚
830 1593 884 1631 ita
901 1604 945 1630 ut
961 1594 1028 1632 ubi
1046 1605 1159 1632 antea
1175 1604 1259 1632 erat
1275 1596 1385 1633 Mare
1404 1624 1411 1635 ‚
1439 1610 1541 1634 nunc
1558 1594 1601 1634 sit

155 1648 276 1688 Terra
295 1678 304 1692 ,
336 1649 460 1688 &ubi
490 1660 604 1686 antea
631 1659 715 1686 erat
730 1647 851 1686 Terra
879 1677 887 1689 ‚
914 1648 1035 1686 modo
1065 1646 1109 1686 fit
1140 1650 1274 1691 Μαῖα
1306 1649 1427 1702 quue
1458 1649 1602 1703 potiss-

159 1718 264 1742 mum
286 1702 368 1742 fieri
400 1717 448 1741 ex
474 1700 625 1754 aggesta
659 1713 762 1740 terra
792 1701 965 1754 limoque
998 1703 1046 1741 ad
1078 1705 1156 1753 ejus
1185 1705 1307 1757 Ripas
1339 1706 1381 1742 ὅ(
1412 1706 1517 1743 Sinus
1536 1735 1546 1749 ,
1578 1704 1603 1745 fi

159 1758 283 1813 ipsum
315 1758 496 1799 recedat,
525 1757 652 1796 velex
668 1756 880 1796 Alluvione
910 1770 1074 1811 propter
1091 1758 1207 1798 Alvei
1223 1759 1508 1805 elevationem,
1538 1762 1601 1801 vel

159 1829 207 1855 ex
238 1812 471 1853 Corrofione
487 1838 498 1852 ‚
528 1810 553 1848 fi
569 1809 691 1863 ipsum
707 1811 845 1849 Terras
871 1812 1110 1864 ingrediatur
1128 1841 1138 1855 ,
1168 1814 1211 1851 &
1241 1817 1347 1866 aquis
1373 1814 1445 1854 suis
1463 1829 1603 1870 perpe-

158 1881 226 1908 tuo
243 1867 443 1919 compleat
460 1896 467 1903 .
501 1867 612 1905 Mare
645 1879 737 1905 vero
754 1866 919 1906 Acceffu
944 1865 1005 1905 vel
1023 1867 1186 1906 Receffu
1201 1880 1352 1908 mutare
1370 1869 1501 1909 locum
1517 1886 1603 1911 om-

156 1925 267 1964 nibus
297 1922 349 1963 est
374 1932 510 1962 notum
529 1949 538 1963 ‚
574 1936 694 1975 quum
712 1922 761 1960 ab
777 1922 983 1963 Herodoto
1001 1920 1082 1976 ipso
1098 1935 1215 1976 atque
1231 1925 1280 1973 ab
1298 1923 1506 1966 Aristotele
1526 1930 1605 1968 Ae.

155 1991 300 2034 gyptus
330 1980 476 2019 donum
505 1978 590 2019 Nili
608 1978 764 2017 dicatur
792 1982 847 2026 (a)
879 2007 888 2021 ,
919 1991 964 2018 ut
993 1979 1040 2019 de
1065 1979 1150 2018 aliis
1167 1981 1389 2033 regionibus
1419 1981 1497 2022 dici
1529 1996 1602 2036 po-

156 2035 253 2078 test,
281 2050 378 2090 quae
406 2049 456 2076 ex
473 2035 696 2074 Sedimento
714 2033 929 2074 fluminum
960 2033 1083 2075 saetae
1112 2034 1199 2076 sunt
1225 2039 1423 2089 majores5
1449 2040 1511 2078 Ita
1526 2040 1601 2081 alia

155 2092 245 2132 loca
274 2106 376 2132 nunc
407 2102 512 2131 tenet
530 2091 638 2130 Mare
656 2119 665 2132 ‚
694 2091 734 2129 in
760 2091 898 2144 quibus
915 2092 1013 2132 olim
1029 2091 1171 2132 Terrae
1188 2121 1197 2136 ,
1230 2095 1450 2150 Campique
1479 2106 1600 2136 erant.

155 2150 302 2190 Verum
334 2148 420 2188 heic
449 2158 603 2187 tantuin
636 2148 857 2187 notabimus
886 2163 946 2188 eas
978 2150 1240 2194 mutationes,
1271 2165 1364 2204 quas
1394 2164 1500 2192 mare
1530 2166 1601 2192 no-

154 2204 272 2245 strum
302 2205 406 2258 apud
436 2219 504 2244 nos
538 2202 658 2248 fecit,
689 2205 731 2243 ὃς
761 2218 838 2257 qua
863 2207 1042 2246 ratione.
1072 2206 1193 2259 Apud
1208 2221 1277 2246 nos
1293 2208 1451 2261 quidem
1465 2222 1599 2249 revera

154 2264 264 2302 Mare
293 2259 464 2304 recessit,
494 2261 601 2315 quod
633 2259 832 2300 manifesto
864 2261 1170 2317 deprehenditur
1201 2277 1251 2303 ex
1267 2263 1385 2305 Turri
1415 2266 1458 2304 &
1483 2265 1600 2304 Muro

154 2319 303 2371 antiqui
335 2316 453 2358 nostri
478 2331 614 2372 portus
641 2346 649 2359 ‚
683 2330 781 2370 quae
810 2320 940 2358 omnia
970 2319 1087 2359 hodie
1118 2333 1139 2358 a
1170 2319 1342 2372 pluribus
1375 2320 1528 2361 saeculis
1558 2323 1598 2361 in

151 2371 254 2414 sicco
282 2372 474 2414 inutiliter
498 2377 659 2416 haerent
690 2402 699 2417 ‚
731 2388 852 2428 quum
884 2385 997 2416 antea
1022 2376 1186 2416 Portum
1219 2375 1307 2417 satis
1339 2378 1594 2417 commodum

1492 2447 1600 2476 naill-

189 2507 228 2538 (ὃ)
247 2506 374 2534 Herodot.
389 2506 447 2534 Lib.
459 2507 500 2536 11.
517 2518 586 2536 num.
602 2517 627 2536 v.
642 2509 723 2544 Arist.
737 2509 794 2537 Lib.
808 2510 830 2538 I.
846 2509 1023 2546 Metccrolog.
1038 2519 1094 2545 cap.
1113 2519 1153 2542 14.
