<?xml version="1.0" encoding="UTF-8"?>
<!DOCTYPE html PUBLIC "-//W3C//DTD XHTML 1.0 Transitional//EN"
    "http://www.w3.org/TR/xhtml1/DTD/xhtml1-transitional.dtd">
<html xmlns="http://www.w3.org/1999/xhtml" xml:lang="en" lang="en">
 <head>
  <title>
</title>
<meta http-equiv="Content-Type" content="text/html;charset=utf-8" />
  <meta name='ocr-system' content='tesseract 3.04.00' />
  <meta name='ocr-capabilities' content='ocr_page ocr_carea ocr_par ocr_line ocrx_word'/>
</head>
<body>
  <div class='ocr_page' id='page_1' title='image "./janiplanciarimin02bian_0097.png"; bbox 0 0 2125 2915; ppageno 0'>
   <div class='ocr_carea' id='block_1_1' title="bbox 425 198 1585 249">
    <p class='ocr_par' dir='ltr' id='par_1_1' title="bbox 425 198 1585 249">
     <span class='ocr_line' id='line_1_1' title="bbox 425 198 1585 249; baseline -0.003 -8"><span class='ocrx_word' id='word_1_1' title='bbox 425 199 893 241; x_wconf 86' lang='lat' dir='ltr'>APPENDIX</span> <span class='ocrx_word' id='word_1_2' title='bbox 951 198 1272 239; x_wconf 87' lang='lat' dir='ltr'>PRIMA.</span> <span class='ocrx_word' id='word_1_3' title='bbox 1539 210 1585 249; x_wconf 86' lang='lat'>93</span> 
     </span>
    </p>
   </div>
   <div class='ocr_carea' id='block_1_2' title="bbox 128 284 1608 1633">
    <p class='ocr_par' dir='ltr' id='par_1_2' title="bbox 128 284 1608 1633">
     <span class='ocr_line' id='line_1_2' title="bbox 129 284 1584 342; baseline -0.004 -11"><span class='ocrx_word' id='word_1_4' title='bbox 129 301 195 332; x_wconf 81' lang='lat' dir='ltr'>tur</span> <span class='ocrx_word' id='word_1_5' title='bbox 213 319 222 334; x_wconf 92' lang='lat'>,</span> <span class='ocrx_word' id='word_1_6' title='bbox 255 290 297 330; x_wconf 67' lang='grc' dir='ltr'>ὃς</span> <span class='ocrx_word' id='word_1_7' title='bbox 315 290 529 342; x_wconf 82' lang='lat' dir='ltr'>Scriptores</span> <span class='ocrx_word' id='word_1_8' title='bbox 546 289 696 327; x_wconf 86' lang='lat' dir='ltr'>Rerum</span> <span class='ocrx_word' id='word_1_9' title='bbox 721 284 935 326; x_wconf 85' lang='lat' dir='ltr'>nostrarum</span> <span class='ocrx_word' id='word_1_10' title='bbox 966 285 1160 327; x_wconf 87' lang='lat' dir='ltr'>affirment</span> <span class='ocrx_word' id='word_1_11' title='bbox 1186 284 1489 339; x_wconf 84' lang='lat' dir='ltr'>Inscriptionem</span> <span class='ocrx_word' id='word_1_12' title='bbox 1519 299 1584 325; x_wconf 82' lang='lat' dir='ltr'>ex-</span> 
     </span>
     <span class='ocr_line' id='line_1_3' title="bbox 128 340 1584 399; baseline -0.005 -11"><span class='ocrx_word' id='word_1_13' title='bbox 128 347 254 388; x_wconf 75' lang='lat' dir='ltr'>stitiffe</span> <span class='ocrx_word' id='word_1_14' title='bbox 272 376 282 389; x_wconf 90' lang='lat'>,</span> <span class='ocrx_word' id='word_1_15' title='bbox 314 349 352 386; x_wconf 90' lang='lat' dir='ltr'>in</span> <span class='ocrx_word' id='word_1_16' title='bbox 383 359 458 399; x_wconf 83' lang='lat' dir='ltr'>qua</span> <span class='ocrx_word' id='word_1_17' title='bbox 474 344 688 397; x_wconf 86' lang='lat' dir='ltr'>legeretur:</span> <span class='ocrx_word' id='word_1_18' title='bbox 718 345 903 397; x_wconf 63' lang='lat' dir='ltr'>Augustus</span> <span class='ocrx_word' id='word_1_19' title='bbox 932 357 1076 384; x_wconf 82' lang='lat' dir='ltr'>murum</span> <span class='ocrx_word' id='word_1_20' title='bbox 1095 343 1217 383; x_wconf 80' lang='lat' dir='ltr'>dedit·</span> <span class='ocrx_word' id='word_1_21' title='bbox 1249 343 1392 383; x_wconf 87' lang='lat' dir='ltr'>Verum</span> <span class='ocrx_word' id='word_1_22' title='bbox 1421 340 1514 381; x_wconf 83' lang='lat' dir='ltr'>falsa</span> <span class='ocrx_word' id='word_1_23' title='bbox 1532 341 1584 382; x_wconf 89' lang='lat' dir='ltr'>est</span> 
     </span>
     <span class='ocr_line' id='line_1_4' title="bbox 128 398 1586 454; baseline -0.004 -10"><span class='ocrx_word' id='word_1_24' title='bbox 128 404 224 444; x_wconf 86' lang='lat' dir='ltr'>haec</span> <span class='ocrx_word' id='word_1_25' title='bbox 258 403 475 442; x_wconf 82' lang='lat' dir='ltr'>nostrorum</span> <span class='ocrx_word' id='word_1_26' title='bbox 501 400 704 440; x_wconf 89' lang='lat' dir='ltr'>hominum</span> <span class='ocrx_word' id='word_1_27' title='bbox 722 401 872 454; x_wconf 89' lang='lat' dir='ltr'>Opinio</span> <span class='ocrx_word' id='word_1_28' title='bbox 902 400 950 439; x_wconf 88' lang='lat' dir='ltr'>de</span> <span class='ocrx_word' id='word_1_29' title='bbox 981 398 1167 440; x_wconf 85' lang='lat' dir='ltr'>vetustate</span> <span class='ocrx_word' id='word_1_30' title='bbox 1183 399 1294 451; x_wconf 90' lang='lat' dir='ltr'>hujus</span> <span class='ocrx_word' id='word_1_31' title='bbox 1319 399 1471 453; x_wconf 84' lang='lat' dir='ltr'>publici</span> <span class='ocrx_word' id='word_1_32' title='bbox 1500 413 1586 438; x_wconf 89' lang='lat' dir='ltr'>mu-</span> 
     </span>
     <span class='ocr_line' id='line_1_5' title="bbox 130 455 1586 509; baseline -0.003 -10"><span class='ocrx_word' id='word_1_33' title='bbox 130 462 190 503; x_wconf 83' lang='lat' dir='ltr'>ri;</span> <span class='ocrx_word' id='word_1_34' title='bbox 223 474 310 499; x_wconf 89' lang='lat' dir='ltr'>nam</span> <span class='ocrx_word' id='word_1_35' title='bbox 340 458 521 498; x_wconf 83' lang='lat' dir='ltr'><strong>undecim</strong></span> <span class='ocrx_word' id='word_1_36' title='bbox 545 458 594 496; x_wconf 89' lang='lat' dir='ltr'>ab</span> <span class='ocrx_word' id='word_1_37' title='bbox 610 457 722 497; x_wconf 87' lang='lat' dir='ltr'>heinc</span> <span class='ocrx_word' id='word_1_38' title='bbox 753 457 858 495; x_wconf 87' lang='lat' dir='ltr'>annis</span> <span class='ocrx_word' id='word_1_39' title='bbox 875 457 914 495; x_wconf 89' lang='lat' dir='ltr'>in</span> <span class='ocrx_word' id='word_1_40' title='bbox 930 456 1191 496; x_wconf 83' lang='lat' dir='ltr'>fundamentis</span> <span class='ocrx_word' id='word_1_41' title='bbox 1221 455 1448 509; x_wconf 88' lang='lat' dir='ltr'>quibusdam</span> <span class='ocrx_word' id='word_1_42' title='bbox 1474 455 1586 507; x_wconf 85' lang='lat' dir='ltr'>hujus</span> 
     </span>
     <span class='ocr_line' id='line_1_6' title="bbox 131 510 1588 569; baseline -0.003 -14"><span class='ocrx_word' id='word_1_43' title='bbox 131 517 259 557; x_wconf 89' lang='lat' dir='ltr'>muri,</span> <span class='ocrx_word' id='word_1_44' title='bbox 291 529 389 569; x_wconf 85' lang='lat' dir='ltr'>quae</span> <span class='ocrx_word' id='word_1_45' title='bbox 418 526 589 554; x_wconf 86' lang='lat' dir='ltr'>evertere</span> <span class='ocrx_word' id='word_1_46' title='bbox 619 510 722 566; x_wconf 84' lang='lat' dir='ltr'>juffit</span> <span class='ocrx_word' id='word_1_47' title='bbox 738 514 799 553; x_wconf 86' lang='lat' dir='ltr'>vir</span> <span class='ocrx_word' id='word_1_48' title='bbox 828 511 1062 553; x_wconf 81' lang='lat' dir='ltr'>Clariffimus</span> <span class='ocrx_word' id='word_1_49' title='bbox 1080 511 1323 552; x_wconf 85' lang='lat' dir='ltr'>Romualdus</span> <span class='ocrx_word' id='word_1_50' title='bbox 1342 514 1450 551; x_wconf 82' lang='lat' dir='ltr'>Rota</span> <span class='ocrx_word' id='word_1_51' title='bbox 1468 514 1588 553; x_wconf 84' lang='lat' dir='ltr'>Foro-</span> 
     </span>
     <span class='ocr_line' id='line_1_7' title="bbox 130 567 1587 624; baseline -0.002 -12"><span class='ocrx_word' id='word_1_52' title='bbox 130 569 375 612; x_wconf 81' lang='lat' dir='ltr'>cornelienfis</span> <span class='ocrx_word' id='word_1_53' title='bbox 394 599 403 614; x_wconf 84' lang='lat'><em>,</em></span> <span class='ocrx_word' id='word_1_54' title='bbox 421 570 592 624; x_wconf 81' lang='lat' dir='ltr'>Collegii</span> <span class='ocrx_word' id='word_1_55' title='bbox 612 570 812 609; x_wconf 84' lang='lat' dir='ltr'>Societatis</span> <span class='ocrx_word' id='word_1_56' title='bbox 829 567 912 620; x_wconf 91' lang='lat' dir='ltr'>Jesu</span> <span class='ocrx_word' id='word_1_57' title='bbox 927 596 937 611; x_wconf 92' lang='lat'>‚</span> <span class='ocrx_word' id='word_1_58' title='bbox 970 569 1077 622; x_wconf 87' lang='lat' dir='ltr'>quod</span> <span class='ocrx_word' id='word_1_59' title='bbox 1096 570 1265 609; x_wconf 86' lang='lat' dir='ltr'>Arimini</span> <span class='ocrx_word' id='word_1_60' title='bbox 1289 567 1340 608; x_wconf 87' lang='lat' dir='ltr'>est</span> <span class='ocrx_word' id='word_1_61' title='bbox 1359 596 1368 610; x_wconf 91' lang='lat'>‚</span> <span class='ocrx_word' id='word_1_62' title='bbox 1401 579 1493 608; x_wconf 90' lang='lat' dir='ltr'>tunc</span> <span class='ocrx_word' id='word_1_63' title='bbox 1511 569 1587 609; x_wconf 76' lang='lat' dir='ltr'>Re-</span> 
     </span>
     <span class='ocr_line' id='line_1_8' title="bbox 129 622 1590 679; baseline -0.001 -11"><span class='ocrx_word' id='word_1_64' title='bbox 129 630 246 670; x_wconf 69' lang='grc' dir='ltr'>ἂοτ,</span> <span class='ocrx_word' id='word_1_65' title='bbox 280 639 324 668; x_wconf 93' lang='lat' dir='ltr'>ut</span> <span class='ocrx_word' id='word_1_66' title='bbox 357 641 501 668; x_wconf 86' lang='lat' dir='ltr'>novam</span> <span class='ocrx_word' id='word_1_67' title='bbox 528 626 713 667; x_wconf 86' lang='lat' dir='ltr'>fabricam</span> <span class='ocrx_word' id='word_1_68' title='bbox 737 625 909 679; x_wconf 88' lang='lat' dir='ltr'>Collegii</span> <span class='ocrx_word' id='word_1_69' title='bbox 938 624 1038 665; x_wconf 90' lang='lat' dir='ltr'>illius</span> <span class='ocrx_word' id='word_1_70' title='bbox 1055 622 1315 679; x_wconf 86' lang='lat' dir='ltr'>amplificaret</span> <span class='ocrx_word' id='word_1_71' title='bbox 1332 653 1341 667; x_wconf 89' lang='lat'>‚</span> <span class='ocrx_word' id='word_1_72' title='bbox 1373 627 1416 665; x_wconf 89' lang='lat'>&amp;</span> <span class='ocrx_word' id='word_1_73' title='bbox 1439 625 1479 663; x_wconf 92' lang='lat' dir='ltr'>in</span> <span class='ocrx_word' id='word_1_74' title='bbox 1511 639 1590 666; x_wconf 87' lang='lat' dir='ltr'>rne-</span> 
     </span>
     <span class='ocr_line' id='line_1_9' title="bbox 131 680 1592 736; baseline -0.001 -13"><span class='ocrx_word' id='word_1_75' title='bbox 131 683 203 724; x_wconf 86' lang='lat' dir='ltr'>lius</span> <span class='ocrx_word' id='word_1_76' title='bbox 222 694 469 725; x_wconf 85' lang='lat' dir='ltr'>converteret</span> <span class='ocrx_word' id='word_1_77' title='bbox 486 710 496 725; x_wconf 84' lang='lat'>‚</span> <span class='ocrx_word' id='word_1_78' title='bbox 528 693 682 736; x_wconf 87' lang='lat' dir='ltr'>reperta</span> <span class='ocrx_word' id='word_1_79' title='bbox 699 680 786 722; x_wconf 89' lang='lat' dir='ltr'>sunt</span> <span class='ocrx_word' id='word_1_80' title='bbox 811 696 1005 722; x_wconf 88' lang='lat' dir='ltr'>marmora</span> <span class='ocrx_word' id='word_1_81' title='bbox 1022 683 1136 722; x_wconf 87' lang='lat' dir='ltr'>rubra</span> <span class='ocrx_word' id='word_1_82' title='bbox 1153 709 1162 723; x_wconf 91' lang='lat'>‚</span> <span class='ocrx_word' id='word_1_83' title='bbox 1195 683 1237 721; x_wconf 87' lang='lat'>&amp;</span> <span class='ocrx_word' id='word_1_84' title='bbox 1260 682 1459 722; x_wconf 85' lang='lat' dir='ltr'>variorum</span> <span class='ocrx_word' id='word_1_85' title='bbox 1485 682 1592 722; x_wconf 86' lang='lat' dir='ltr'>colo-</span> 
     </span>
     <span class='ocr_line' id='line_1_10' title="bbox 132 737 1593 793; baseline -0.001 -14"><span class='ocrx_word' id='word_1_86' title='bbox 132 755 218 780; x_wconf 84' lang='lat' dir='ltr'>rum</span> <span class='ocrx_word' id='word_1_87' title='bbox 247 742 419 793; x_wconf 88' lang='lat' dir='ltr'>ingentia</span> <span class='ocrx_word' id='word_1_88' title='bbox 450 738 574 779; x_wconf 85' lang='lat' dir='ltr'>multa</span> <span class='ocrx_word' id='word_1_89' title='bbox 592 769 601 784; x_wconf 91' lang='lat'><em>‚</em></span> <span class='ocrx_word' id='word_1_90' title='bbox 629 740 822 793; x_wconf 83' lang='lat' dir='ltr'>&amp;ingens</span> <span class='ocrx_word' id='word_1_91' title='bbox 841 737 924 778; x_wconf 88' lang='lat' dir='ltr'>Pila</span> <span class='ocrx_word' id='word_1_92' title='bbox 955 753 1047 778; x_wconf 90' lang='lat' dir='ltr'>curn</span> <span class='ocrx_word' id='word_1_93' title='bbox 1062 737 1258 778; x_wconf 89' lang='lat' dir='ltr'>Plinthide</span> <span class='ocrx_word' id='word_1_94' title='bbox 1282 752 1330 778; x_wconf 86' lang='lat' dir='ltr'>ex</span> <span class='ocrx_word' id='word_1_95' title='bbox 1352 739 1462 791; x_wconf 88' lang='lat' dir='ltr'>pario</span> <span class='ocrx_word' id='word_1_96' title='bbox 1487 753 1593 778; x_wconf 87' lang='lat' dir='ltr'>mar-</span> 
     </span>
     <span class='ocr_line' id='line_1_11' title="bbox 130 793 1594 849; baseline -0.001 -14"><span class='ocrx_word' id='word_1_97' title='bbox 130 810 240 836; x_wconf 84' lang='lat' dir='ltr'>more</span> <span class='ocrx_word' id='word_1_98' title='bbox 258 825 267 838; x_wconf 90' lang='lat'>,</span> <span class='ocrx_word' id='word_1_99' title='bbox 300 799 338 835; x_wconf 91' lang='lat' dir='ltr'>in</span> <span class='ocrx_word' id='word_1_100' title='bbox 354 811 430 849; x_wconf 83' lang='lat' dir='ltr'>qua</span> <span class='ocrx_word' id='word_1_101' title='bbox 446 796 595 846; x_wconf 77' lang='lat' dir='ltr'>elegans</span> <span class='ocrx_word' id='word_1_102' title='bbox 611 793 818 849; x_wconf 83' lang='lat' dir='ltr'>Inscriptio</span> <span class='ocrx_word' id='word_1_103' title='bbox 849 794 1001 848; x_wconf 80' lang='lat' dir='ltr'>sculpta</span> <span class='ocrx_word' id='word_1_104' title='bbox 1028 793 1080 835; x_wconf 90' lang='lat' dir='ltr'>est</span> <span class='ocrx_word' id='word_1_105' title='bbox 1096 825 1106 840; x_wconf 92' lang='lat'>,</span> <span class='ocrx_word' id='word_1_106' title='bbox 1135 795 1177 833; x_wconf 86' lang='lat'>&amp;</span> <span class='ocrx_word' id='word_1_107' title='bbox 1193 796 1239 833; x_wconf 88' lang='lat' dir='ltr'>C.</span> <span class='ocrx_word' id='word_1_108' title='bbox 1255 795 1448 834; x_wconf 89' lang='lat' dir='ltr'>NONIO.</span> <span class='ocrx_word' id='word_1_109' title='bbox 1476 796 1594 835; x_wconf 75' lang='lat' dir='ltr'>CAE·</span> 
     </span>
     <span class='ocr_line' id='line_1_12' title="bbox 132 849 1595 905; baseline 0.001 -15"><span class='ocrx_word' id='word_1_110' title='bbox 132 852 306 892; x_wconf 91' lang='lat' dir='ltr'>PIANO</span> <span class='ocrx_word' id='word_1_111' title='bbox 337 853 467 891; x_wconf 84' lang='lat' dir='ltr'>dicata</span> <span class='ocrx_word' id='word_1_112' title='bbox 485 881 494 895; x_wconf 95' lang='lat'>‚</span> <span class='ocrx_word' id='word_1_113' title='bbox 529 866 627 905; x_wconf 87' lang='lat' dir='ltr'>quae</span> <span class='ocrx_word' id='word_1_114' title='bbox 651 849 864 904; x_wconf 84' lang='lat' dir='ltr'>Inscriptio</span> <span class='ocrx_word' id='word_1_115' title='bbox 889 850 974 905; x_wconf 87' lang='lat' dir='ltr'>post</span> <span class='ocrx_word' id='word_1_116' title='bbox 988 853 1129 904; x_wconf 85' lang='lat' dir='ltr'>Cajum</span> <span class='ocrx_word' id='word_1_117' title='bbox 1159 852 1444 904; x_wconf 83' lang='lat' dir='ltr'>Imperatorem</span> <span class='ocrx_word' id='word_1_118' title='bbox 1475 851 1595 903; x_wconf 90' lang='lat' dir='ltr'>vulgo</span> 
     </span>
     <span class='ocr_line' id='line_1_13' title="bbox 133 906 1596 961; baseline -0.001 -14"><span class='ocrx_word' id='word_1_119' title='bbox 133 907 356 961; x_wconf 84' lang='lat' dir='ltr'>Caligulam</span> <span class='ocrx_word' id='word_1_120' title='bbox 383 909 533 949; x_wconf 72' lang='lat' dir='ltr'>dictum</span> <span class='ocrx_word' id='word_1_121' title='bbox 558 909 663 947; x_wconf 84' lang='lat' dir='ltr'>edita</span> <span class='ocrx_word' id='word_1_122' title='bbox 680 906 777 948; x_wconf 85' lang='lat' dir='ltr'>fuit·</span> <span class='ocrx_word' id='word_1_123' title='bbox 810 908 994 961; x_wconf 79' lang='lat' dir='ltr'>Qinque</span> <span class='ocrx_word' id='word_1_124' title='bbox 1017 909 1120 948; x_wconf 84' lang='lat' dir='ltr'>enirn</span> <span class='ocrx_word' id='word_1_125' title='bbox 1137 907 1319 959; x_wconf 85' lang='lat' dir='ltr'>Judicum</span> <span class='ocrx_word' id='word_1_126' title='bbox 1346 908 1539 948; x_wconf 89' lang='lat' dir='ltr'>Decuriae</span> <span class='ocrx_word' id='word_1_127' title='bbox 1555 910 1596 946; x_wconf 88' lang='lat' dir='ltr'>in</span> 
     </span>
     <span class='ocr_line' id='line_1_14' title="bbox 135 962 1597 1018; baseline 0.001 -15"><span class='ocrx_word' id='word_1_128' title='bbox 135 977 180 1004; x_wconf 86' lang='lat' dir='ltr'>ea</span> <span class='ocrx_word' id='word_1_129' title='bbox 209 978 362 1003; x_wconf 88' lang='lat' dir='ltr'>memor</span> <span class='ocrx_word' id='word_1_130' title='bbox 376 974 492 1003; x_wconf 88' lang='lat' dir='ltr'>antur</span> <span class='ocrx_word' id='word_1_131' title='bbox 509 992 519 1007; x_wconf 90' lang='lat'>‚</span> <span class='ocrx_word' id='word_1_132' title='bbox 549 977 648 1017; x_wconf 88' lang='lat' dir='ltr'>quae</span> <span class='ocrx_word' id='word_1_133' title='bbox 679 966 728 1004; x_wconf 91' lang='lat' dir='ltr'>ab</span> <span class='ocrx_word' id='word_1_134' title='bbox 758 964 899 1005; x_wconf 89' lang='lat' dir='ltr'>eodem</span> <span class='ocrx_word' id='word_1_135' title='bbox 924 965 1166 1018; x_wconf 84' lang='lat' dir='ltr'>Imperatore</span> <span class='ocrx_word' id='word_1_136' title='bbox 1196 963 1352 1004; x_wconf 85' lang='lat' dir='ltr'>fuerunt</span> <span class='ocrx_word' id='word_1_137' title='bbox 1374 962 1597 1009; x_wconf 86' lang='lat' dir='ltr'>institutae,</span> 
     </span>
     <span class='ocr_line' id='line_1_15' title="bbox 136 1019 1600 1074; baseline 0.001 -16"><span class='ocrx_word' id='word_1_138' title='bbox 136 1033 258 1073; x_wconf 89' lang='lat' dir='ltr'>quum</span> <span class='ocrx_word' id='word_1_139' title='bbox 283 1035 330 1059; x_wconf 88' lang='lat' dir='ltr'>an</span> <span class='ocrx_word' id='word_1_140' title='bbox 345 1030 406 1059; x_wconf 85' lang='lat' dir='ltr'>tea</span> <span class='ocrx_word' id='word_1_141' title='bbox 424 1031 578 1060; x_wconf 87' lang='lat' dir='ltr'>tanturn</span> <span class='ocrx_word' id='word_1_142' title='bbox 595 1030 784 1074; x_wconf 82' lang='lat' dir='ltr'>quattuor</span> <span class='ocrx_word' id='word_1_143' title='bbox 807 1019 925 1060; x_wconf 78' lang='lat' dir='ltr'>effent</span> <span class='ocrx_word' id='word_1_144' title='bbox 940 1020 1028 1059; x_wconf 83' lang='lat' dir='ltr'>illae</span> <span class='ocrx_word' id='word_1_145' title='bbox 1044 1020 1228 1071; x_wconf 89' lang='lat' dir='ltr'>Judicum</span> <span class='ocrx_word' id='word_1_146' title='bbox 1242 1022 1435 1061; x_wconf 90' lang='lat' dir='ltr'>Decuriae</span> <span class='ocrx_word' id='word_1_147' title='bbox 1453 1049 1459 1056; x_wconf 90' lang='lat'>.</span> <span class='ocrx_word' id='word_1_148' title='bbox 1485 1021 1600 1060; x_wconf 91' lang='lat' dir='ltr'>Hanc</span> 
     </span>
     <span class='ocr_line' id='line_1_16' title="bbox 134 1075 1600 1128; baseline 0.001 -13"><span class='ocrx_word' id='word_1_149' title='bbox 134 1075 440 1128; x_wconf 77' lang='lat' dir='ltr'>Inscriptionem</span> <span class='ocrx_word' id='word_1_150' title='bbox 471 1077 592 1116; x_wconf 88' lang='lat' dir='ltr'>modo</span> <span class='ocrx_word' id='word_1_151' title='bbox 622 1077 718 1116; x_wconf 89' lang='lat' dir='ltr'>mihi</span> <span class='ocrx_word' id='word_1_152' title='bbox 751 1076 960 1116; x_wconf 86' lang='lat' dir='ltr'>liberaliter</span> <span class='ocrx_word' id='word_1_153' title='bbox 987 1077 1094 1116; x_wconf 91' lang='lat' dir='ltr'>dono</span> <span class='ocrx_word' id='word_1_154' title='bbox 1123 1077 1230 1117; x_wconf 88' lang='lat' dir='ltr'>dedit</span> <span class='ocrx_word' id='word_1_155' title='bbox 1258 1078 1502 1117; x_wconf 88' lang='lat' dir='ltr'>Romualdus</span> <span class='ocrx_word' id='word_1_156' title='bbox 1533 1075 1600 1116; x_wconf 88' lang='lat' dir='ltr'>ille</span> 
     </span>
     <span class='ocr_line' id='line_1_17' title="bbox 135 1130 1597 1185; baseline 0.002 -14"><span class='ocrx_word' id='word_1_157' title='bbox 135 1132 248 1171; x_wconf 85' lang='lat' dir='ltr'>Rota</span> <span class='ocrx_word' id='word_1_158' title='bbox 280 1133 510 1172; x_wconf 84' lang='lat' dir='ltr'>Provinciae</span> <span class='ocrx_word' id='word_1_159' title='bbox 536 1135 709 1173; x_wconf 85' lang='lat' dir='ltr'>Venetae</span> <span class='ocrx_word' id='word_1_160' title='bbox 736 1134 940 1172; x_wconf 87' lang='lat' dir='ltr'>Societatis</span> <span class='ocrx_word' id='word_1_161' title='bbox 971 1131 1055 1173; x_wconf 82' lang='lat' dir='ltr'>suae</span> <span class='ocrx_word' id='word_1_162' title='bbox 1084 1132 1303 1174; x_wconf 68' lang='lat' dir='ltr'>Praefectus</span> <span class='ocrx_word' id='word_1_163' title='bbox 1333 1130 1597 1185; x_wconf 83' lang='lat' dir='ltr'>digniffimus,</span> 
     </span>
     <span class='ocr_line' id='line_1_18' title="bbox 137 1188 1600 1242; baseline 0.001 -16"><span class='ocrx_word' id='word_1_164' title='bbox 137 1200 255 1240; x_wconf 85' lang='lat' dir='ltr'>quam</span> <span class='ocrx_word' id='word_1_165' title='bbox 286 1190 325 1226; x_wconf 90' lang='lat' dir='ltr'>in</span> <span class='ocrx_word' id='word_1_166' title='bbox 348 1189 517 1228; x_wconf 88' lang='lat' dir='ltr'>Cimelio</span> <span class='ocrx_word' id='word_1_167' title='bbox 542 1203 655 1234; x_wconf 88' lang='lat' dir='ltr'>meo,</span> <span class='ocrx_word' id='word_1_168' title='bbox 686 1204 766 1229; x_wconf 90' lang='lat' dir='ltr'>non</span> <span class='ocrx_word' id='word_1_169' title='bbox 797 1200 949 1229; x_wconf 85' lang='lat' dir='ltr'>tantum</span> <span class='ocrx_word' id='word_1_170' title='bbox 968 1220 977 1234; x_wconf 91' lang='lat'><em>‚</em></span> <span class='ocrx_word' id='word_1_171' title='bbox 1008 1200 1052 1229; x_wconf 90' lang='lat' dir='ltr'>ut</span> <span class='ocrx_word' id='word_1_172' title='bbox 1082 1188 1327 1242; x_wconf 85' lang='lat' dir='ltr'>praeclarum</span> <span class='ocrx_word' id='word_1_173' title='bbox 1358 1188 1600 1229; x_wconf 84' lang='lat' dir='ltr'>venerandae</span> 
     </span>
     <span class='ocr_line' id='line_1_19' title="bbox 138 1244 1604 1296; baseline 0.001 -13"><span class='ocrx_word' id='word_1_174' title='bbox 138 1245 407 1296; x_wconf 82' lang='lat' dir='ltr'>Antiquitatis</span> <span class='ocrx_word' id='word_1_175' title='bbox 425 1271 435 1286; x_wconf 89' lang='lat'><strong><em>‚</em></strong></span> <span class='ocrx_word' id='word_1_176' title='bbox 467 1258 583 1296; x_wconf 84' lang='lat' dir='ltr'>quam</span> <span class='ocrx_word' id='word_1_177' title='bbox 609 1257 653 1283; x_wconf 88' lang='lat' dir='ltr'>ut</span> <span class='ocrx_word' id='word_1_178' title='bbox 681 1246 895 1285; x_wconf 88' lang='lat' dir='ltr'>Donatoris</span> <span class='ocrx_word' id='word_1_179' title='bbox 927 1245 1071 1284; x_wconf 89' lang='lat' dir='ltr'>illustre</span> <span class='ocrx_word' id='word_1_180' title='bbox 1099 1244 1343 1283; x_wconf 82' lang='lat' dir='ltr'>liberalitatis</span> <span class='ocrx_word' id='word_1_181' title='bbox 1375 1258 1604 1284; x_wconf 85' lang='lat' dir='ltr'>monumen-</span> 
     </span>
     <span class='ocr_line' id='line_1_20' title="bbox 138 1297 1602 1355; baseline 0.002 -17"><span class='ocrx_word' id='word_1_182' title='bbox 138 1310 224 1339; x_wconf 90' lang='lat' dir='ltr'>tum</span> <span class='ocrx_word' id='word_1_183' title='bbox 253 1297 445 1340; x_wconf 87' lang='lat' dir='ltr'>adservo.</span> <span class='ocrx_word' id='word_1_184' title='bbox 479 1301 610 1349; x_wconf 70' lang='lat' dir='ltr'>Quare</span> <span class='ocrx_word' id='word_1_185' title='bbox 641 1312 806 1354; x_wconf 86' lang='lat' dir='ltr'>apparet</span> <span class='ocrx_word' id='word_1_186' title='bbox 825 1331 834 1346; x_wconf 94' lang='lat'><em>‚</em></span> <span class='ocrx_word' id='word_1_187' title='bbox 866 1311 910 1339; x_wconf 92' lang='lat' dir='ltr'>ut</span> <span class='ocrx_word' id='word_1_188' title='bbox 924 1300 1007 1341; x_wconf 86' lang='lat' dir='ltr'>dixi</span> <span class='ocrx_word' id='word_1_189' title='bbox 1036 1302 1075 1340; x_wconf 87' lang='lat' dir='ltr'>in</span> <span class='ocrx_word' id='word_1_190' title='bbox 1102 1315 1187 1340; x_wconf 87' lang='lat' dir='ltr'>mea</span> <span class='ocrx_word' id='word_1_191' title='bbox 1217 1298 1459 1355; x_wconf 83' lang='lat' dir='ltr'>expositione</span> <span class='ocrx_word' id='word_1_192' title='bbox 1489 1301 1602 1354; x_wconf 84' lang='lat' dir='ltr'>hujus</span> 
     </span>
     <span class='ocr_line' id='line_1_21' title="bbox 139 1354 1602 1413; baseline 0.003 -18"><span class='ocrx_word' id='word_1_193' title='bbox 139 1354 407 1409; x_wconf 88' lang='lat' dir='ltr'>Inscriptionis</span> <span class='ocrx_word' id='word_1_194' title='bbox 426 1384 434 1398; x_wconf 88' lang='lat'>‚</span> <span class='ocrx_word' id='word_1_195' title='bbox 463 1370 560 1410; x_wconf 87' lang='lat' dir='ltr'>quae</span> <span class='ocrx_word' id='word_1_196' title='bbox 591 1366 684 1396; x_wconf 88' lang='lat' dir='ltr'>tunc</span> <span class='ocrx_word' id='word_1_197' title='bbox 712 1358 815 1396; x_wconf 87' lang='lat' dir='ltr'>edita</span> <span class='ocrx_word' id='word_1_198' title='bbox 839 1357 911 1397; x_wconf 91' lang='lat' dir='ltr'>fuit</span> <span class='ocrx_word' id='word_1_199' title='bbox 941 1358 980 1397; x_wconf 90' lang='lat' dir='ltr'>in</span> <span class='ocrx_word' id='word_1_200' title='bbox 999 1357 1316 1413; x_wconf 83' lang='lat' dir='ltr'>Ephemeridibus</span> <span class='ocrx_word' id='word_1_201' title='bbox 1344 1357 1573 1397; x_wconf 83' lang='lat' dir='ltr'>Florentinis</span> <span class='ocrx_word' id='word_1_202' title='bbox 1592 1385 1602 1400; x_wconf 78' lang='grc'><em>,</em></span> 
     </span>
     <span class='ocr_line' id='line_1_22' title="bbox 142 1412 1604 1467; baseline 0 -14"><span class='ocrx_word' id='word_1_203' title='bbox 142 1414 303 1453; x_wconf 86' lang='lat' dir='ltr'>Murum</span> <span class='ocrx_word' id='word_1_204' title='bbox 332 1412 434 1453; x_wconf 91' lang='lat' dir='ltr'>hunc</span> <span class='ocrx_word' id='word_1_205' title='bbox 452 1413 652 1452; x_wconf 89' lang='lat' dir='ltr'>Publicum</span> <span class='ocrx_word' id='word_1_206' title='bbox 670 1427 747 1452; x_wconf 88' lang='lat' dir='ltr'>non</span> <span class='ocrx_word' id='word_1_207' title='bbox 766 1414 815 1453; x_wconf 84' lang='lat' dir='ltr'>ab</span> <span class='ocrx_word' id='word_1_208' title='bbox 831 1413 1007 1467; x_wconf 86' lang='lat' dir='ltr'>Augusto</span> <span class='ocrx_word' id='word_1_209' title='bbox 1023 1442 1032 1458; x_wconf 92' lang='lat'>‚</span> <span class='ocrx_word' id='word_1_210' title='bbox 1066 1427 1189 1467; x_wconf 88' lang='lat' dir='ltr'>neque</span> <span class='ocrx_word' id='word_1_211' title='bbox 1205 1429 1226 1453; x_wconf 86' lang='lat' dir='ltr'>a</span> <span class='ocrx_word' id='word_1_212' title='bbox 1243 1413 1377 1467; x_wconf 86' lang='lat' dir='ltr'>priscis</span> <span class='ocrx_word' id='word_1_213' title='bbox 1396 1415 1604 1454; x_wconf 86' lang='lat' dir='ltr'>Romano-</span> 
     </span>
     <span class='ocr_line' id='line_1_23' title="bbox 142 1468 1606 1525; baseline 0 -16"><span class='ocrx_word' id='word_1_214' title='bbox 142 1483 230 1509; x_wconf 86' lang='lat' dir='ltr'>rum</span> <span class='ocrx_word' id='word_1_215' title='bbox 246 1469 553 1522; x_wconf 85' lang='lat' dir='ltr'>Imperatoribus</span> <span class='ocrx_word' id='word_1_216' title='bbox 579 1468 683 1509; x_wconf 77' lang='lat' dir='ltr'>fuisse</span> <span class='ocrx_word' id='word_1_217' title='bbox 707 1470 910 1509; x_wconf 88' lang='lat' dir='ltr'>conditum</span> <span class='ocrx_word' id='word_1_218' title='bbox 927 1500 938 1515; x_wconf 91' lang='lat'>‚</span> <span class='ocrx_word' id='word_1_219' title='bbox 966 1471 1032 1523; x_wconf 90' lang='lat' dir='ltr'>qui</span> <span class='ocrx_word' id='word_1_220' title='bbox 1048 1472 1088 1510; x_wconf 89' lang='lat' dir='ltr'>in</span> <span class='ocrx_word' id='word_1_221' title='bbox 1104 1485 1151 1510; x_wconf 92' lang='lat' dir='ltr'>eo</span> <span class='ocrx_word' id='word_1_222' title='bbox 1179 1470 1388 1510; x_wconf 89' lang='lat' dir='ltr'>condendo</span> <span class='ocrx_word' id='word_1_223' title='bbox 1405 1470 1606 1525; x_wconf 87' lang='lat' dir='ltr'>praeclara</span> 
     </span>
     <span class='ocr_line' id='line_1_24' title="bbox 142 1524 1608 1566; baseline 0.002 -4"><span class='ocrx_word' id='word_1_224' title='bbox 142 1524 418 1563; x_wconf 84' lang='lat' dir='ltr'>Romanorum</span> <span class='ocrx_word' id='word_1_225' title='bbox 434 1524 587 1562; x_wconf 86' lang='lat' dir='ltr'>suorum</span> <span class='ocrx_word' id='word_1_226' title='bbox 617 1536 867 1563; x_wconf 87' lang='lat' dir='ltr'>monumenta</span> <span class='ocrx_word' id='word_1_227' title='bbox 898 1539 977 1563; x_wconf 91' lang='lat' dir='ltr'>non</span> <span class='ocrx_word' id='word_1_228' title='bbox 1007 1525 1246 1566; x_wconf 80' lang='lat' dir='ltr'>evertissent.</span> <span class='ocrx_word' id='word_1_229' title='bbox 1280 1527 1349 1566; x_wconf 88' lang='lat' dir='ltr'>Sed</span> <span class='ocrx_word' id='word_1_230' title='bbox 1379 1527 1439 1566; x_wconf 89' lang='lat' dir='ltr'>vel</span> <span class='ocrx_word' id='word_1_231' title='bbox 1458 1525 1608 1566; x_wconf 79' lang='lat' dir='ltr'>Bellisa·</span> 
     </span>
     <span class='ocr_line' id='line_1_25' title="bbox 146 1578 1606 1633; baseline 0.003 -15"><span class='ocrx_word' id='word_1_232' title='bbox 146 1580 224 1619; x_wconf 84' lang='lat' dir='ltr'>rius</span> <span class='ocrx_word' id='word_1_233' title='bbox 241 1588 379 1617; x_wconf 87' lang='lat' dir='ltr'>contra</span> <span class='ocrx_word' id='word_1_234' title='bbox 408 1578 562 1618; x_wconf 85' lang='lat' dir='ltr'>Gothos</span> <span class='ocrx_word' id='word_1_235' title='bbox 594 1579 705 1617; x_wconf 86' lang='lat' dir='ltr'>abeo</span> <span class='ocrx_word' id='word_1_236' title='bbox 729 1593 807 1618; x_wconf 91' lang='lat' dir='ltr'>non</span> <span class='ocrx_word' id='word_1_237' title='bbox 835 1579 960 1618; x_wconf 81' lang='lat' dir='ltr'>adhuc</span> <span class='ocrx_word' id='word_1_238' title='bbox 977 1581 1166 1621; x_wconf 86' lang='lat' dir='ltr'>Ravenna</span> <span class='ocrx_word' id='word_1_239' title='bbox 1196 1581 1371 1633; x_wconf 77' lang='lat' dir='ltr'>expulsos</span> <span class='ocrx_word' id='word_1_240' title='bbox 1402 1582 1581 1621; x_wconf 87' lang='lat' dir='ltr'>condidit</span> <span class='ocrx_word' id='word_1_241' title='bbox 1597 1609 1606 1623; x_wconf 83' lang='lat'><strong><em>‚</em></strong></span> 
     </span>
    </p>
   </div>
   <div class='ocr_carea' id='block_1_3' title="bbox 148 1633 1606 1732">
    <p class='ocr_par' dir='ltr' id='par_1_3' title="bbox 148 1633 1606 1732">
     <span class='ocr_line' id='line_1_26' title="bbox 148 1633 1606 1688; baseline 0.003 -16"><span class='ocrx_word' id='word_1_242' title='bbox 148 1633 210 1675; x_wconf 85' lang='lat' dir='ltr'>vel</span> <span class='ocrx_word' id='word_1_243' title='bbox 240 1634 588 1686; x_wconf 83' lang='lat' dir='ltr'>Langobardorum</span> <span class='ocrx_word' id='word_1_244' title='bbox 606 1636 734 1674; x_wconf 88' lang='lat' dir='ltr'>Duces</span> <span class='ocrx_word' id='word_1_245' title='bbox 765 1635 1001 1688; x_wconf 72' lang='lat' dir='ltr'>sequioribus</span> <span class='ocrx_word' id='word_1_246' title='bbox 1019 1634 1172 1675; x_wconf 88' lang='lat' dir='ltr'>saeculis</span> <span class='ocrx_word' id='word_1_247' title='bbox 1198 1650 1284 1675; x_wconf 89' lang='lat' dir='ltr'>eum</span> <span class='ocrx_word' id='word_1_248' title='bbox 1310 1636 1579 1678; x_wconf 87' lang='lat' dir='ltr'>exstruxerunt</span> <span class='ocrx_word' id='word_1_249' title='bbox 1596 1667 1606 1682; x_wconf 83' lang='grc'>,</span> 
     </span>
     <span class='ocr_line' id='line_1_27' title="bbox 149 1690 1332 1732; baseline 0.002 -2"><span class='ocrx_word' id='word_1_250' title='bbox 149 1701 194 1730; x_wconf 90' lang='lat' dir='ltr'>ut</span> <span class='ocrx_word' id='word_1_251' title='bbox 211 1691 259 1730; x_wconf 90' lang='lat' dir='ltr'>ab</span> <span class='ocrx_word' id='word_1_252' title='bbox 276 1690 536 1731; x_wconf 85' lang='lat' dir='ltr'>Exarcharum</span> <span class='ocrx_word' id='word_1_253' title='bbox 553 1691 756 1730; x_wconf 89' lang='lat' dir='ltr'>conatibus</span> <span class='ocrx_word' id='word_1_254' title='bbox 774 1693 908 1730; x_wconf 88' lang='lat' dir='ltr'>urbem</span> <span class='ocrx_word' id='word_1_255' title='bbox 925 1690 1091 1731; x_wconf 87' lang='lat' dir='ltr'>nostram</span> <span class='ocrx_word' id='word_1_256' title='bbox 1110 1694 1307 1732; x_wconf 84' lang='lat' dir='ltr'>munirent</span> <span class='ocrx_word' id='word_1_257' title='bbox 1325 1720 1332 1728; x_wconf 82' lang='lat'><strong>·</strong></span> 
     </span>
    </p>
   </div>
   <div class='ocr_carea' id='block_1_4' title="bbox 575 1759 1210 1788">
    <p class='ocr_par' dir='ltr' id='par_1_4' title="bbox 575 1759 1210 1788">
     <span class='ocr_line' id='line_1_28' title="bbox 575 1759 1210 1788; baseline 0.006 -4"><span class='ocrx_word' id='word_1_258' title='bbox 575 1759 1210 1788; x_wconf 74' lang='lat' dir='ltr'>ADDITAMENTVM</span> 
     </span>
    </p>
   </div>
   <div class='ocr_carea' id='block_1_5' title="bbox 153 1802 1614 1909">
    <p class='ocr_par' dir='ltr' id='par_1_5' title="bbox 153 1802 1614 1909">
     <span class='ocr_line' id='line_1_29' title="bbox 221 1802 1612 1861; baseline 0.004 -19"><span class='ocrx_word' id='word_1_259' title='bbox 221 1806 237 1825; x_wconf 73' lang='lat'>*</span> <span class='ocrx_word' id='word_1_260' title='bbox 267 1803 325 1842; x_wconf 79' lang='lat' dir='ltr'>Ad</span> <span class='ocrx_word' id='word_1_261' title='bbox 356 1817 452 1842; x_wconf 86' lang='lat' dir='ltr'>num.</span> <span class='ocrx_word' id='word_1_262' title='bbox 479 1802 559 1840; x_wconf 86' lang='lat' dir='ltr'><em>XII.</em></span> <span class='ocrx_word' id='word_1_263' title='bbox 592 1803 696 1853; x_wconf 83' lang='lat' dir='ltr'><em>hujus</em></span> <span class='ocrx_word' id='word_1_264' title='bbox 725 1803 936 1854; x_wconf 83' lang='lat' dir='ltr'>Appendicz&#39;s</span> <span class='ocrx_word' id='word_1_265' title='bbox 961 1815 1043 1857; x_wconf 77' lang='lat' dir='ltr'>pag.</span> <span class='ocrx_word' id='word_1_266' title='bbox 1079 1809 1140 1842; x_wconf 88' lang='lat'>86-</span> <span class='ocrx_word' id='word_1_267' title='bbox 1175 1806 1334 1845; x_wconf 77' lang='lat' dir='ltr'>addatur</span> <span class='ocrx_word' id='word_1_268' title='bbox 1358 1836 1366 1844; x_wconf 91' lang='lat'><strong>.</strong></span> <span class='ocrx_word' id='word_1_269' title='bbox 1397 1808 1612 1861; x_wconf 85' lang='lat' dir='ltr'>Reperitur</span> 
     </span>
     <span class='ocr_line' id='line_1_30' title="bbox 153 1854 1614 1909; baseline 0.003 -11"><span class='ocrx_word' id='word_1_270' title='bbox 153 1854 452 1909; x_wconf 80' lang='lat' dir='ltr'>frequentiffime</span> <span class='ocrx_word' id='word_1_271' title='bbox 484 1858 522 1894; x_wconf 89' lang='lat' dir='ltr'>in</span> <span class='ocrx_word' id='word_1_272' title='bbox 552 1854 683 1895; x_wconf 91' lang='lat' dir='ltr'>nostro</span> <span class='ocrx_word' id='word_1_273' title='bbox 711 1859 810 1896; x_wconf 90' lang='lat' dir='ltr'>mari</span> <span class='ocrx_word' id='word_1_274' title='bbox 825 1858 975 1896; x_wconf 81' lang='lat' dir='ltr'>vermis</span> <span class='ocrx_word' id='word_1_275' title='bbox 996 1860 1034 1897; x_wconf 86' lang='lat' dir='ltr'>in</span> <span class='ocrx_word' id='word_1_276' title='bbox 1050 1859 1208 1898; x_wconf 86' lang='lat' dir='ltr'>Tubulo</span> <span class='ocrx_word' id='word_1_277' title='bbox 1225 1862 1415 1901; x_wconf 83' lang='lat' dir='ltr'>Coriaceo</span> <span class='ocrx_word' id='word_1_278' title='bbox 1434 1864 1587 1902; x_wconf 88' lang='lat' dir='ltr'>latitans</span> <span class='ocrx_word' id='word_1_279' title='bbox 1604 1895 1614 1909; x_wconf 83' lang='grc'>,</span> 
     </span>
    </p>
   </div>
   <div class='ocr_carea' id='block_1_6' title="bbox 152 1911 1618 2477">
    <p class='ocr_par' dir='ltr' id='par_1_6' title="bbox 152 1911 1618 2477">
     <span class='ocr_line' id='line_1_31' title="bbox 152 1911 1614 1964; baseline 0.004 -11"><span class='ocrx_word' id='word_1_280' title='bbox 152 1924 199 1955; x_wconf 84' lang='lat' dir='ltr'>ut</span> <span class='ocrx_word' id='word_1_281' title='bbox 225 1914 348 1953; x_wconf 84' lang='lat' dir='ltr'>Tinea</span> <span class='ocrx_word' id='word_1_282' title='bbox 372 1911 533 1964; x_wconf 88' lang='lat' dir='ltr'>pellium</span> <span class='ocrx_word' id='word_1_283' title='bbox 564 1941 575 1956; x_wconf 92' lang='lat'><strong>,</strong></span> <span class='ocrx_word' id='word_1_284' title='bbox 619 1912 662 1950; x_wconf 85' lang='lat'>&amp;</span> <span class='ocrx_word' id='word_1_285' title='bbox 693 1912 861 1952; x_wconf 79' lang='lat' dir='ltr'>vestium</span> <span class='ocrx_word' id='word_1_286' title='bbox 898 1912 1054 1956; x_wconf 86' lang='lat' dir='ltr'>latitat,</span> <span class='ocrx_word' id='word_1_287' title='bbox 1095 1917 1137 1955; x_wconf 86' lang='lat'>&amp;</span> <span class='ocrx_word' id='word_1_288' title='bbox 1160 1916 1207 1955; x_wconf 91' lang='lat' dir='ltr'>ad</span> <span class='ocrx_word' id='word_1_289' title='bbox 1237 1919 1399 1957; x_wconf 90' lang='lat' dir='ltr'>Corium</span> <span class='ocrx_word' id='word_1_290' title='bbox 1430 1919 1614 1959; x_wconf 87' lang='lat' dir='ltr'>adhaeret</span> 
     </span>
     <span class='ocr_line' id='line_1_32' title="bbox 155 1967 1614 2015; baseline 0.005 -7"><span class='ocrx_word' id='word_1_291' title='bbox 155 1970 287 2008; x_wconf 74' lang='lat' dir='ltr'>Arena</span> <span class='ocrx_word' id='word_1_292' title='bbox 307 1994 316 2009; x_wconf 87' lang='lat'>‚</span> <span class='ocrx_word' id='word_1_293' title='bbox 348 1979 392 2007; x_wconf 90' lang='lat' dir='ltr'>ut</span> <span class='ocrx_word' id='word_1_294' title='bbox 419 1967 653 2008; x_wconf 87' lang='lat' dir='ltr'>extrinsecus</span> <span class='ocrx_word' id='word_1_295' title='bbox 682 1982 731 2008; x_wconf 84' lang='lat' dir='ltr'>ex</span> <span class='ocrx_word' id='word_1_296' title='bbox 759 1970 889 2008; x_wconf 87' lang='lat' dir='ltr'>Arena</span> <span class='ocrx_word' id='word_1_297' title='bbox 919 1972 1080 2010; x_wconf 85' lang='lat' dir='ltr'>omnino</span> <span class='ocrx_word' id='word_1_298' title='bbox 1110 1972 1359 2013; x_wconf 89' lang='lat' dir='ltr'>involucrum</span> <span class='ocrx_word' id='word_1_299' title='bbox 1388 1974 1462 2014; x_wconf 90' lang='lat' dir='ltr'>hoc</span> <span class='ocrx_word' id='word_1_300' title='bbox 1490 1977 1614 2015; x_wconf 86' lang='lat' dir='ltr'>coria-</span> 
     </span>
     <span class='ocr_line' id='line_1_33' title="bbox 157 2023 1616 2084; baseline 0.005 -21"><span class='ocrx_word' id='word_1_301' title='bbox 157 2039 271 2064; x_wconf 87' lang='lat' dir='ltr'>ceum</span> <span class='ocrx_word' id='word_1_302' title='bbox 312 2023 525 2064; x_wconf 84' lang='lat' dir='ltr'>conflatum</span> <span class='ocrx_word' id='word_1_303' title='bbox 559 2024 764 2067; x_wconf 85' lang='lat' dir='ltr'>videatur,</span> <span class='ocrx_word' id='word_1_304' title='bbox 795 2036 840 2064; x_wconf 88' lang='lat' dir='ltr'>ut</span> <span class='ocrx_word' id='word_1_305' title='bbox 856 2027 1006 2066; x_wconf 73' lang='lat' dir='ltr'>vermis</span> <span class='ocrx_word' id='word_1_306' title='bbox 1029 2028 1187 2080; x_wconf 84' lang='lat' dir='ltr'>quidam</span> <span class='ocrx_word' id='word_1_307' title='bbox 1219 2028 1415 2070; x_wconf 85' lang='lat' dir='ltr'>fluviatilis</span> <span class='ocrx_word' id='word_1_308' title='bbox 1432 2059 1442 2074; x_wconf 92' lang='lat'>‚</span> <span class='ocrx_word' id='word_1_309' title='bbox 1468 2033 1535 2084; x_wconf 83' lang='lat' dir='ltr'>qui</span> <span class='ocrx_word' id='word_1_310' title='bbox 1561 2033 1616 2071; x_wconf 90' lang='lat' dir='ltr'>in-</span> 
     </span>
     <span class='ocr_line' id='line_1_34' title="bbox 159 2080 1615 2141; baseline 0.005 -20"><span class='ocrx_word' id='word_1_311' title='bbox 159 2080 325 2121; x_wconf 84' lang='lat' dir='ltr'>volucro</span> <span class='ocrx_word' id='word_1_312' title='bbox 357 2081 528 2135; x_wconf 84' lang='lat' dir='ltr'>quodam</span> <span class='ocrx_word' id='word_1_313' title='bbox 566 2082 742 2135; x_wconf 85' lang='lat' dir='ltr'>operitur</span> <span class='ocrx_word' id='word_1_314' title='bbox 773 2096 821 2121; x_wconf 87' lang='lat' dir='ltr'>ex</span> <span class='ocrx_word' id='word_1_315' title='bbox 855 2084 1009 2122; x_wconf 87' lang='lat' dir='ltr'>minutis</span> <span class='ocrx_word' id='word_1_316' title='bbox 1040 2084 1182 2139; x_wconf 86' lang='lat' dir='ltr'>lapillis</span> <span class='ocrx_word' id='word_1_317' title='bbox 1221 2085 1394 2127; x_wconf 78' lang='lat' dir='ltr'>conflato</span> <span class='ocrx_word' id='word_1_318' title='bbox 1425 2118 1432 2125; x_wconf 94' lang='lat'><strong>.</strong></span> <span class='ocrx_word' id='word_1_319' title='bbox 1477 2089 1615 2141; x_wconf 81' lang='lat' dir='ltr'>Figura</span> 
     </span>
     <span class='ocr_line' id='line_1_35' title="bbox 159 2136 1618 2191; baseline 0.005 -14"><span class='ocrx_word' id='word_1_320' title='bbox 159 2138 309 2177; x_wconf 85' lang='lat' dir='ltr'>Vermis</span> <span class='ocrx_word' id='word_1_321' title='bbox 334 2136 443 2190; x_wconf 92' lang='lat' dir='ltr'>hujus</span> <span class='ocrx_word' id='word_1_322' title='bbox 477 2139 614 2177; x_wconf 84' lang='lat' dir='ltr'>marini</span> <span class='ocrx_word' id='word_1_323' title='bbox 639 2152 776 2191; x_wconf 83' lang='lat' dir='ltr'>parum</span> <span class='ocrx_word' id='word_1_324' title='bbox 805 2136 934 2177; x_wconf 88' lang='lat' dir='ltr'>differt</span> <span class='ocrx_word' id='word_1_325' title='bbox 964 2140 1013 2180; x_wconf 86' lang='lat' dir='ltr'>ab</span> <span class='ocrx_word' id='word_1_326' title='bbox 1037 2139 1106 2180; x_wconf 88' lang='lat' dir='ltr'>illo</span> <span class='ocrx_word' id='word_1_327' title='bbox 1123 2143 1163 2180; x_wconf 91' lang='lat' dir='ltr'>in</span> <span class='ocrx_word' id='word_1_328' title='bbox 1178 2140 1336 2182; x_wconf 91' lang='lat' dir='ltr'>Tubulo</span> <span class='ocrx_word' id='word_1_329' title='bbox 1361 2142 1545 2183; x_wconf 84' lang='lat' dir='ltr'>Testaceo</span> <span class='ocrx_word' id='word_1_330' title='bbox 1563 2143 1618 2183; x_wconf 77' lang='lat' dir='ltr'>la-</span> 
     </span>
     <span class='ocr_line' id='line_1_36' title="bbox 162 2193 1616 2255; baseline 0.005 -23"><span class='ocrx_word' id='word_1_331' title='bbox 162 2194 305 2233; x_wconf 86' lang='lat' dir='ltr'>titante</span> <span class='ocrx_word' id='word_1_332' title='bbox 335 2209 344 2238; x_wconf 90' lang='lat'>;</span> <span class='ocrx_word' id='word_1_333' title='bbox 376 2193 438 2233; x_wconf 85' lang='lat' dir='ltr'>sed</span> <span class='ocrx_word' id='word_1_334' title='bbox 467 2204 573 2234; x_wconf 87' lang='lat' dir='ltr'>caret</span> <span class='ocrx_word' id='word_1_335' title='bbox 602 2194 700 2245; x_wconf 79' lang='lat' dir='ltr'>Juba</span> <span class='ocrx_word' id='word_1_336' title='bbox 732 2225 741 2238; x_wconf 91' lang='lat'>,</span> <span class='ocrx_word' id='word_1_337' title='bbox 772 2193 834 2234; x_wconf 84' lang='lat' dir='ltr'>seu</span> <span class='ocrx_word' id='word_1_338' title='bbox 863 2196 1068 2247; x_wconf 74' lang='lat' dir='ltr'>Capillitio</span> <span class='ocrx_word' id='word_1_339' title='bbox 1099 2225 1109 2239; x_wconf 89' lang='lat'>‚</span> <span class='ocrx_word' id='word_1_340' title='bbox 1140 2200 1184 2238; x_wconf 73' lang='grc' dir='ltr'>δε</span> <span class='ocrx_word' id='word_1_341' title='bbox 1207 2201 1405 2253; x_wconf 86' lang='lat' dir='ltr'>utrimque</span> <span class='ocrx_word' id='word_1_342' title='bbox 1437 2215 1505 2255; x_wconf 89' lang='lat' dir='ltr'>per</span> <span class='ocrx_word' id='word_1_343' title='bbox 1533 2201 1616 2239; x_wconf 91' lang='lat' dir='ltr'>uni-</span> 
     </span>
     <span class='ocr_line' id='line_1_37' title="bbox 161 2247 1615 2304; baseline 0.005 -16"><span class='ocrx_word' id='word_1_344' title='bbox 161 2247 308 2288; x_wconf 84' lang='lat' dir='ltr'>versam</span> <span class='ocrx_word' id='word_1_345' title='bbox 349 2252 527 2304; x_wconf 87' lang='lat' dir='ltr'>corporis</span> <span class='ocrx_word' id='word_1_346' title='bbox 565 2250 854 2304; x_wconf 87' lang='lat' dir='ltr'>longitudinem</span> <span class='ocrx_word' id='word_1_347' title='bbox 885 2250 937 2289; x_wconf 88' lang='lat' dir='ltr'>est</span> <span class='ocrx_word' id='word_1_348' title='bbox 966 2251 1128 2292; x_wconf 82' lang='lat' dir='ltr'>serratus</span> <span class='ocrx_word' id='word_1_349' title='bbox 1160 2285 1168 2292; x_wconf 94' lang='lat'><strong><em>.</em></strong></span> <span class='ocrx_word' id='word_1_350' title='bbox 1214 2254 1323 2296; x_wconf 88' lang='lat' dir='ltr'>Fulvi</span> <span class='ocrx_word' id='word_1_351' title='bbox 1347 2256 1503 2296; x_wconf 86' lang='lat' dir='ltr'>Coloris</span> <span class='ocrx_word' id='word_1_352' title='bbox 1535 2256 1587 2295; x_wconf 86' lang='lat' dir='ltr'>est</span> <span class='ocrx_word' id='word_1_353' title='bbox 1606 2287 1615 2301; x_wconf 86' lang='lat'>,</span> 
     </span>
     <span class='ocr_line' id='line_1_38' title="bbox 162 2306 1616 2362; baseline 0.006 -19"><span class='ocrx_word' id='word_1_354' title='bbox 162 2306 206 2344; x_wconf 86' lang='lat'>&amp;</span> <span class='ocrx_word' id='word_1_355' title='bbox 235 2307 498 2357; x_wconf 84' lang='lat' dir='ltr'>magnitudine</span> <span class='ocrx_word' id='word_1_356' title='bbox 527 2307 695 2347; x_wconf 84' lang='lat' dir='ltr'>duorum</span> <span class='ocrx_word' id='word_1_357' title='bbox 725 2307 784 2346; x_wconf 90' lang='lat' dir='ltr'>vel</span> <span class='ocrx_word' id='word_1_358' title='bbox 816 2308 936 2346; x_wconf 88' lang='lat' dir='ltr'>trium</span> <span class='ocrx_word' id='word_1_359' title='bbox 978 2310 1170 2362; x_wconf 84' lang='lat' dir='ltr'>pollicum</span> <span class='ocrx_word' id='word_1_360' title='bbox 1209 2309 1468 2352; x_wconf 86' lang='lat' dir='ltr'>Parifienfium</span> <span class='ocrx_word' id='word_1_361' title='bbox 1502 2327 1511 2355; x_wconf 83' lang='lat'><em>3</em></span> <span class='ocrx_word' id='word_1_362' title='bbox 1556 2311 1616 2352; x_wconf 77' lang='lat' dir='ltr'>sed</span> 
     </span>
     <span class='ocr_line' id='line_1_39' title="bbox 163 2360 1616 2421; baseline 0.007 -23"><span class='ocrx_word' id='word_1_363' title='bbox 163 2362 290 2411; x_wconf 87' lang='lat' dir='ltr'>major</span> <span class='ocrx_word' id='word_1_364' title='bbox 328 2360 447 2402; x_wconf 64' lang='lat' dir='ltr'>faetus</span> <span class='ocrx_word' id='word_1_365' title='bbox 470 2363 721 2403; x_wconf 85' lang='lat' dir='ltr'>Involucrum</span> <span class='ocrx_word' id='word_1_366' title='bbox 751 2363 918 2402; x_wconf 87' lang='lat' dir='ltr'>dimittit</span> <span class='ocrx_word' id='word_1_367' title='bbox 941 2394 951 2408; x_wconf 91' lang='lat'>,</span> <span class='ocrx_word' id='word_1_368' title='bbox 980 2368 1023 2403; x_wconf 72' lang='lat'>&amp;2</span> <span class='ocrx_word' id='word_1_369' title='bbox 1053 2368 1100 2404; x_wconf 85' lang='lat' dir='ltr'>ad</span> <span class='ocrx_word' id='word_1_370' title='bbox 1129 2367 1303 2419; x_wconf 85' lang='lat' dir='ltr'>pedalem</span> <span class='ocrx_word' id='word_1_371' title='bbox 1330 2368 1616 2421; x_wconf 82' lang='lat' dir='ltr'>longitudinem</span> 
     </span>
     <span class='ocr_line' id='line_1_40' title="bbox 164 2415 1339 2477; baseline 0.004 -22"><span class='ocrx_word' id='word_1_372' title='bbox 164 2415 350 2457; x_wconf 79' lang='lat' dir='ltr'>excrescit</span> <span class='ocrx_word' id='word_1_373' title='bbox 367 2447 376 2462; x_wconf 84' lang='grc'>,</span> <span class='ocrx_word' id='word_1_374' title='bbox 407 2420 447 2458; x_wconf 71' lang='grc' dir='ltr'>ὃ(</span> <span class='ocrx_word' id='word_1_375' title='bbox 466 2420 566 2459; x_wconf 84' lang='lat' dir='ltr'>inter</span> <span class='ocrx_word' id='word_1_376' title='bbox 582 2422 796 2474; x_wconf 75' lang='lat' dir='ltr'>Petrobrya</span> <span class='ocrx_word' id='word_1_377' title='bbox 829 2419 1056 2475; x_wconf 83' lang='lat' dir='ltr'>plerumque</span> <span class='ocrx_word' id='word_1_378' title='bbox 1073 2425 1192 2464; x_wconf 80' lang='lat' dir='ltr'>vitam</span> <span class='ocrx_word' id='word_1_379' title='bbox 1210 2424 1315 2477; x_wconf 83' lang='lat' dir='ltr'>degit</span> <span class='ocrx_word' id='word_1_380' title='bbox 1331 2452 1339 2460; x_wconf 94' lang='lat'><em>.</em></span> 
     </span>
    </p>
   </div>
   <div class='ocr_carea' id='block_1_7' title="bbox 1537 2484 1618 2525">
    <p class='ocr_par' dir='ltr' id='par_1_7' title="bbox 1537 2484 1618 2525">
     <span class='ocr_line' id='line_1_41' title="bbox 1537 2484 1618 2525; baseline 0.037 -3"><span class='ocrx_word' id='word_1_381' title='bbox 1537 2484 1618 2525; x_wconf 80' lang='lat' dir='ltr'>AP-</span> 
     </span>
    </p>
   </div>
  </div>
 </body>
</html>
