2145 2910
574 218 851 259 MINVS
911 220 1183 260 Noris
1541 235 1590 270 29

286 307 380 359 Stat
389 305 522 356 fucare
553 305 669 350 colim,
696 319 756 345 nec
778 305 900 347 Sidone
931 305 1045 347 vilior
1075 306 1193 348 Aaron

285 362 430 401 Murice
447 390 455 404 ‚
474 375 533 399 nec
552 360 677 414 Libyco
694 391 702 399 .
731 365 791 409 (Ι)

171 422 304 472 Qare
325 431 414 457 cum
433 418 607 462 Ancona:
637 417 772 456 eadem
803 416 877 457 fere
894 417 1115 472 Conchylia
1141 415 1337 471 prostent,
1356 430 1454 469 quae
1487 414 1594 468 apud

174 490 243 515 nos
260 473 488 521 ycredibile
506 471 557 511 est
573 500 582 514 ,
615 486 659 513 ut
676 473 758 512 dixi
775 502 784 516 ‚
807 488 855 513 ex
874 475 981 514 vario
996 473 1213 513 Turbinum
1232 501 1241 514 ‚
1260 475 1302 512 &
1320 473 1481 511 aliarum
1497 475 1600 512 Con.-

171 531 335 570 charum
369 543 507 583 genere
541 543 782 584 purpureum
798 530 973 571 colorem
1004 528 1171 582 parasse,
1204 531 1312 580 cujus
1329 528 1471 568 coloris
1488 526 1598 568 vesti-

175 589 282 640 gium
300 588 339 625 in
357 585 413 624 his
433 586 652 626 turbinibus
671 588 831 638 virgatis
849 585 936 625 satis
954 584 1056 625 felici
1080 587 1242 626 inventu
1259 585 1388 638 reperi
1405 614 1413 622 .
1443 586 1599 624 Notan-

173 645 265 683 dum
283 644 400 681 etiam
418 640 615 695 postremo
631 641 852 686 est,succum
870 642 1011 681 horum
1028 643 1228 687 turbinum
1240 640 1383 680 coloris
1396 641 1502 680 rubri
1519 639 1602 680 sub-

173 697 327 738 obscuri
357 697 425 738 esse
439 726 448 740 ‚
480 700 584 751 quod
605 711 837 753 argumento
866 697 919 738 est
934 699 1145 752 genuinam
1175 708 1352 737 veterum
1380 697 1600 750 Purpuram

175 754 243 794 effe
260 783 269 797 ,
302 769 424 808 quum
458 755 562 809 apud
582 754 681 807 ipsos
699 753 814 795 vestes
845 768 1063 810 purpureae
1094 768 1173 793 non
1188 756 1268 805 ejus
1292 754 1434 794 coloris
1460 752 1601 796 essent,

173 824 253 863 quo
269 809 471 862 splendent
499 812 619 850 modo
637 812 755 850 nostri
784 812 968 864 temporis
996 811 1203 862 Purpurati
1221 811 1325 848 Viri.
1356 809 1482 850 Color
1496 812 1602 850 enim

177 866 241 904 hic
260 864 385 904 noster
404 866 591 905 Puniceus
610 896 619 910 ‚
637 863 889 920 Spadiceusve
907 865 1100 904 veteribus
1120 865 1301 905 audiebat
1317 893 1327 908 ,
1345 865 1407 906 sed
1424 876 1602 906 veterum

175 921 354 973 Purpura
383 931 466 959 erat
494 920 744 961 subobscurus
774 921 970 961 violaceus
1001 921 1119 960 rubro
1140 921 1336 961 admixtus
1356 921 1468 962 color
1483 953 1493 968 ,
1523 935 1604 975 quo

174 974 278 1015 sensu
295 989 400 1015 mare
431 974 672 1030 profundum
682 978 861 1017 Homero
872 990 1113 1030 purpureum
1127 978 1271 1018 dicitur
1288 1006 1298 1021 ,
1328 980 1472 1033 quique
1489 978 1603 1018 color

174 1031 309 1072 nostris
329 1032 569 1086 temporibus
588 1031 761 1085 Anglico
778 1059 789 1074 ‚
821 1033 881 1073 vel
898 1033 1056 1073 Gallico
1074 1031 1252 1074 sermone
1284 1035 1389 1077 Blew
1407 1063 1416 1077 ‚
1439 1035 1499 1075 vel
1513 1034 1602 1076 Bleu

175 1099 425 1140 nuncupatur
443 1103 452 1130 ;
484 1102 723 1142 quamquam
749 1090 866 1128 etiam
883 1089 985 1144 apud
1003 1101 1151 1129 veteres
1168 1092 1386 1132 Coccineus
1402 1091 1601 1143 color‚qui

178 1144 348 1188 Puniceo
364 1142 416 1183 est
430 1141 552 1182 affinis
568 1171 578 1186 ‚
595 1159 669 1199 pro
682 1145 881 1198 Purpureo
899 1145 1095 1186 interdurn
1111 1148 1331 1199 accipiatur
1349 1175 1356 1182 .

174 1251 1589 1282 QQQQQQQQQQQQQQWQQQ

385 1332 881 1415 &CAPVT
985 1332 1314 1395 XXHL

403 1453 672 1496 BALAst
717 1468 1090 1496 comparssvs
1129 1469 1349 1508 MAJOR-

173 1549 202 1586 1·
232 1539 303 1624 B
323 1537 462 1578 ⁴&lanus
495 1537 558 1578 hic
587 1539 822 1593 compressus
867 1541 935 1592 qui
973 1555 1021 1580 ex
1047 1539 1318 1593 Policipedum
1356 1552 1495 1591 genere
1523 1538 1605 1585 est,

334 1594 394 1634 sed
418 1594 551 1635 melius
582 1596 748 1650 Polypes
788 1594 848 1635 seu
878 1596 1049 1650 Polypus
1095 1595 1368 1649 appellaretur
1399 1625 1406 1633 .
1453 1595 1604 1636 Multos

178 1656 281 1693 enirn
311 1650 426 1704 pedes
458 1651 694 1705 capillorum
718 1650 832 1689 instar
870 1665 917 1689 ex
946 1666 1015 1690 ore
1056 1650 1221 1690 testaceo
1248 1651 1396 1689 emittit
1430 1679 1440 1693 ‚
1473 1664 1519 1690 ut
1546 1653 1602 1692 vi-

179 1707 269 1747 dere
301 1707 352 1748 est
376 1720 423 1745 ex
444 1706 581 1756 Figura
611 1705 850 1743 II-Tabulae
881 1707 923 1742 V.
944 1706 1102 1744 Animal
1134 1717 1361 1759 praeterea,
1392 1704 1417 1744 fi
1449 1721 1471 1745 a
1496 1717 1607 1758 parte

181 1762 329 1814 postica
366 1763 445 1812 ejus
470 1758 603 1799 Testae
635 1761 787 1798 corium
818 1760 1015 1811 quoddam
1044 1760 1297 1801 detrahatur,
1327 1760 1431 1800 velut
1462 1774 1603 1814 parvus

180 1821 415 1871 Camarq‘arus
449 1825 612 1867 apparet
640 1813 959 1865 „Pars-denique
986 1815 1052 1853 illa
1077 1815 1226 1867 postica
1255 1817 1366 1854 corio
1393 1816 1463 1855 illo
1479 1817 1606 1856 detra-

183 1876 249 1914 <st0
285 1869 447 1927 pulchre
484 1867 698 1921 labyrinthi
740 1870 780 1906 in
823 1870 986 1909 modum
1014 1881 1206 1909 excavata
1236 1872 1408 1910 cernitur
1440 1899 1451 1914 ,
1498 1872 1606 1912 velut

179 1930 367 1982 Agaricus
384 1926 446 1965 ille
463 1955 473 1970 ,
489 1938 605 1979 quem
632 1925 912 1964 Botanicorum
935 1927 1119 1980 Princeps
1133 1924 1433 1966 Tournefortius
1451 1928 1606 1968 Daeda-

180 1986 246 2025 leis
274 1983 422 2024 sinubus
455 1992 688 2022 excavatum
718 1992 838 2021 vocat
867 1986 942 2030 (2)
962 2012 968 2017 .
991 1981 1239 2023 Adhaerescit
1256 1982 1484 2038 plerumque
1500 1985 1607 2025 Bala-

184 2056 253 2080 nus
279 2039 345 2080 iste
371 2037 542 2078 solitarie
574 2037 787 2077 corticibus
815 2036 1030 2079 Testudinis
1062 2041 1231 2079 marinae
1249 2067 1257 2075 .

237 2099 286 2136 ΙΙ.
319 2095 449 2135 Balani
467 2092 669 2149 compressi
687 2092 981 2138 confertissimi,
1013 2095 1073 2135 sed
1098 2098 1263 2136 minores
1281 2098 1526 2152 reperiuntur
1540 2099 1607 2137 ad-

180 2153 379 2194 haerentes
410 2152 523 2205 lignis
552 2153 595 2190 &
624 2149 718 2190 saxis
744 2150 864 2191 nostri
893 2153 1032 2192 Portus
1050 2183 1059 2197 ‚
1092 2153 1153 2192 sed
1183 2153 1308 2199 adhuc
1327 2152 1604 2206 frequentiores
1949 2195 1954 2201 ,

185 2211 428 2264 reperiuntur
451 2209 625 2248 Veneriis
649 2208 766 2247 muris
793 2209 835 2247 &
870 2208 965 2261 palis
1003 2209 1211 2249 Canalium
1242 2210 1480 2250 inhaerentes
1498 2242 1504 2249 .
1521 2209 1795 2273 ςίῖήνξβγν-θθ
1812 2203 1955 2245 mxxii!
1978 2218 1985 2223 ·

238 2267 309 2305 111.
342 2263 500 2304 Balanus
528 2263 756 2319 compressus
787 2277 948 2304 revocat
978 2267 1017 2305 in
1034 2276 1204 2306 mentem
1235 2266 1398 2306 Patellas
1417 2280 1604 2319 ‚quarum

183 2323 261 2362 duo
279 2335 418 2376 genera
433 2320 537 2375 apud
553 2334 622 2360 nos
645 2322 890 2376 reperiuntur
906 2352 913 2360 .
933 2322 1105 2363 Primum
1135 2323 1257 2364 rarius
1276 2322 1515 2378 quidemr&
1533 2324 1602 2361 Pa-

1472 2379 1601 2419 tellam

219 2457 268 2491 (1)
287 2458 343 2497 Sil..
354 2460 441 2489 Italic.
451 2461 470 2489 l.
484 2470 548 2488 v111.
562 2461 629 2496 vers
641 2471 700 2494 437.

221 2495 260 2525 (1.)
281 2492 436 2529 Inllttutiorz.
445 2497 482 2524 rei
490 2495 589 2524 herbar.
598 2507 660 2533 pag.
678 2502 734 2530 562..
