2125 2915
473 190 835 232 APPENDIX
879 188 1228 230 SECVNDA.
1486 205 1552 239 109

180 305 1512 335 αξηαῼὴᾴὲῆβάκᾱὲιᾱᾱκῆὡηὓᾱὴἢὲῆἢὰκῆἐὴἢᾶῆαὲὴθὲκαξῆαὲκαῶῆ

440 383 900 447 CAPVT
1018 382 1261 441 XIX.

377 504 664 546 MENTVLA
708 506 954 545 MARINA
999 517 1315 545 INFORMIS.

247 611 348 650 vam
371 611 458 652 heic
476 611 694 652 Mentulam
718 613 907 651 marinam
922 610 1130 651 informem
1153 610 1267 654 dico,
1284 625 1305 650 a
1322 609 1452 650 Redio
1468 612 1554 653 Car-

261 672 362 707 numi
393 679 562 708 vocatur
578 698 588 713 ‚
612 669 655 707 &
677 665 934 707 Piscatoribus
964 665 1097 706 nostris
1133 666 1317 721 spongiae
1346 667 1528 707 dicuntur
1544 696 1554 711 ‚

133 724 241 773 quod
270 722 426 764 diffec‘ta
455 721 623 763 virosum
650 724 840 765 odorem,
871 721 930 762 seu
962 721 1220 775 pisculentum
1251 721 1409 766 referat,
1442 735 1483 762 ut
1501 739 1560 763 re—

130 776 259 817 ferunt
284 776 467 833 spongiae
499 790 668 818 recentes
686 806 694 814 .
738 779 887 818 Vocavi
923 777 1168 820 Mentulam‚
1200 778 1305 831 quod
1335 778 1557 832 analogiam

130 833 342 884 quamdam
367 835 506 874 habere
530 834 708 874 videatur
735 848 824 873 curn
856 834 1030 873 Mentula
1061 835 1188 887 prima
1213 836 1384 878 marina;
1415 837 1555 875 vocavi

127 899 330 939 praeterea
362 889 568 928 informem
590 917 600 932 ,
631 890 737 943 quod
772 889 997 944 plerumque
1040 888 1276 929 extrinsecus
1307 891 1411 930 nulla
1441 904 1558 943 pecu-

129 942 216 982 liari
240 943 433 984 strucstura
461 943 506 984 sit
536 945 709 987 donata,
755 944 814 984 sed
845 945 1059 984 Tuberibus
1089 944 1300 986 extrinsece
1327 947 1556 1000 plerumque

128 995 175 1037 fit
199 997 326 1039 similis
357 1027 367 1042 ‚
400 1001 512 1052 nigro
544 1001 677 1041 colore
707 1001 750 1039 &
788 1014 914 1040 coeno
958 1013 1001 1039 ut
1031 1000 1241 1055 plurimum
1270 1001 1553 1055 conspurcata-

127 1052 252 1105 Hujus
278 1058 332 1095 rei
354 1053 494 1110 figuras
520 1060 643 1097 varias
672 1057 711 1095 in
741 1055 892 1096 Tabula
909 1056 995 1095 VII.
1027 1056 1184 1096 damus-
1204 1058 1317 1109 Qae
1334 1057 1401 1098 sub
1431 1060 1556 1099 Litte-

125 1124 170 1151 ra
196 1112 234 1146 E·
263 1110 316 1149 est
344 1112 440 1151 duos
463 1112 581 1152 habet
609 1113 735 1166 apices
766 1114 803 1150 in
820 1127 847 1149 e.
866 1127 892 1150 e.
914 1142 922 1156 ‚
953 1112 1090 1166 quibus
1118 1111 1234 1153 affixa
1251 1113 1337 1154 sunt
1358 1114 1459 1153 colla
1474 1114 1554 1153 duo

126 1164 240 1216 hujus
273 1166 476 1220 Zoophyti
507 1170 546 1206 in
575 1165 641 1222 fig.
658 1169 707 1206 A.
738 1166 883 1207 diffedti
916 1166 983 1206 sub
1011 1168 1145 1208 litteris
1164 1171 1208 1208 C.
1227 1171 1273 1207 C.
1290 1199 1301 1212 ,
1329 1168 1390 1208 sed
1416 1170 1553 1223 Apices

125 1219 349 1273 hujusmodi
375 1222 562 1262 exstantes
608 1223 835 1276 plerumque
866 1222 1026 1262 desunt.
1058 1224 1196 1276 Figura
1218 1225 1266 1262 A.
1293 1223 1556 1278 repraesentat

129 1289 274 1330 corpus
305 1277 507 1331 Zoophyti
538 1277 765 1320 diffeciturm
797 1280 905 1330 cujus
927 1290 1016 1330 pars
1037 1279 1085 1317 A.
1105 1277 1158 1318 est
1172 1289 1311 1318 cortex
1337 1281 1553 1326 coriaceus,

127 1333 196 1384 qui
227 1334 327 1373 intus
353 1331 405 1371 est
429 1331 635 1372 albissimus
652 1359 662 1373 ‚
683 1333 727 1372 &
757 1333 880 1372 veluti
902 1333 1100 1387 perlaceus
1117 1361 1127 1375 ,
1159 1335 1316 1388 quando
1341 1351 1473 1376 recens
1490 1336 1555 1381 est;

127 1388 161 1426 d.
181 1389 214 1427 d·
239 1387 325 1428 sunt
350 1388 562 1429 Tuberculi
592 1388 689 1429 varii
719 1389 760 1426 in
776 1390 924 1428 cortice
955 1387 1146 1430 exstantes
1163 1418 1172 1433 ‚
1205 1392 1272 1444 qui
1306 1391 1451 1433 dissecti
1476 1394 1555 1433 albi

128 1440 241 1483 sunt·
274 1446 313 1483 B.
342 1443 394 1484 est
409 1444 709 1499 Pulpamentum
733 1444 964 1498 Zoophyti‚
996 1446 1104 1498 quod
1137 1444 1375 1487 esculentum
1411 1447 1463 1488 est
1491 1451 1552 1489 Pi·

128 1502 342 1541 scator-ibus
374 1500 529 1541 nostris,
557 1499 619 1538 sed
650 1500 795 1550 ingrati
834 1498 977 1550 saporis
995 1526 1005 1541 ‚
1047 1501 1090 1538 &
1118 1502 1213 1540 mihi
1237 1504 1387 1557 ingrate
1419 1505 1549 1548 olens,

128 1558 171 1596 ὃς
188 1554 386 1594 subacidus
404 1583 411 1589 .
442 1554 486 1589 C.
505 1554 551 1591 C.
569 1551 654 1591 sunt
668 1551 785 1591 Colla
800 1552 1050 1604 Pulpamenti
1067 1581 1078 1595 ‚
1108 1569 1206 1607 quae
1222 1559 1402 1598 nucleum
1419 1574 1552 1613 quem-

132 1613 223 1652 dam
252 1609 398 1649 habent
420 1608 551 1662 punici
580 1607 724 1647 coloris
767 1607 816 1646 ad
845 1609 1033 1648 corticem
1080 1610 1209 1650 valide
1252 1613 1522 1657 adhaerentem
1540 1648 1552 1663 ,

134 1669 201 1722 qui
227 1664 253 1705 fi
278 1666 456 1705 dematur
473 1691 482 1705 ‚
501 1662 799 1717 Pulpamentum
816 1662 943 1716 potest
960 1663 1083 1704 inflari
1099 1693 1108 1707 ‚
1126 1667 1169 1706 &
1191 1677 1276 1707 turn
1291 1671 1551 1713 ventriculum

133 1726 346 1764 humanum
369 1718 484 1759 refert
501 1747 510 1760 ‚
534 1730 579 1759 ut
606 1719 735 1760 videre
752 1718 805 1758 est
823 1720 862 1757 in
879 1720 930 1762 B„
947 1722 1012 1760 ubi
1035 1719 1155 1761 fibrae
1174 1724 1300 1764 variae
1318 1737 1550 1772 cernuntur,

134 1779 194 1819 seu
216 1776 391 1818 lacertuli
415 1776 593 1813 rubentes
626 1773 795 1825 impense
813 1804 821 1817 ‚
847 1776 905 1812 uti
929 1777 1041 1815 rubet
1071 1777 1298 1831 plerumque
1327 1781 1552 1836 Pulpamen-

137 1848 219 1876 tum
249 1828 488 1870 universum·
521 1831 566 1866 In
594 1827 658 1881 fig.
675 1829 725 1866 D·
752 1827 805 1868 est
819 1829 1117 1883 Pulpamentum
1141 1831 1339 1874 diffecstum
1358 1864 1367 1878 ‚
1385 1839 1425 1877 in
1441 1842 1549 1891 cujus

135 1900 271 1930 ventre
298 1883 514 1925 intestinula
536 1885 725 1937 quaedam
744 1882 956 1924 tenuiffima
985 1900 1200 1941 apparent.
1232 1890 1274 1928 E.
1292 1891 1333 1929 Ε.
1351 1891 1435 1933 sunt
1450 1895 1552 1936 colla

136 1946 247 1996 hujus
277 1940 549 1994 Pulparnenti.
580 1940 644 1978 Ad
658 1939 697 1978 F·
724 1938 776 1979 est
806 1940 982 1981 Me'ntula
1002 1944 1150 1997 integra
1165 1972 1174 1987 ‚
1207 1958 1305 1999 quae
1328 1949 1519 1990 radicibus
1537 1981 1550 1997 ‚

137 1999 199 2040 seu
227 1997 386 2054 pedibus
423 1996 475 2036 est
513 1995 721 2038 instructa,
752 1993 813 2035 sed
842 1996 1071 2051 plerumque
1100 1999 1319 2053 hujusmodi
1347 2005 1551 2050 radicibus,

138 2057 294 2096 &inter
310 2051 343 2093 se
357 2053 518 2095 haerent
534 2082 544 2098 ,
572 2063 616 2093 ut
636 2050 794 2092 Ostreae
809 2053 965 2094 haerere
980 2052 1100 2096 solent
1116 2084 1123 2092 .

649 2295 792 2391 ME
890 2298 1032 2394 ΜΖ

1418 2471 1545 2500 CAPVT
