2145 2910
568 232 621 267 66
1025 223 1579 265 SPECIMEN

568 319 609 350 ta
625 310 669 349 &
685 308 925 363 tranquilla?
954 310 1171 362 Oporteret
1200 311 1305 350 enim
1336 312 1466 364 potius
1495 312 1603 351 circa
1620 310 1826 353 Meridiem
1846 339 1856 354 ‚
1883 312 1925 351 ὃ(
1949 313 2024 351 cir-

565 380 611 406 ca
630 367 803 407 Mediam
821 367 993 407 Noctem
1011 367 1160 420 Aegros
1190 368 1347 408 interire
1365 396 1374 410 ‚
1406 380 1450 407 ut
1475 369 1518 407 &
1548 382 1703 423 quoque
1733 371 1926 408 intereunt
1944 369 2020 408 hoc

565 434 745 477 tempore
763 452 772 466 ,
803 425 846 463 ὃς
863 424 1021 477 quidem
1052 423 1191 468 multi,
1221 438 1343 477 quum
1360 424 1528 465 Meridie
1558 427 1600 466 &
1628 426 1759 466 Media
1776 427 1910 466 Nocffe
1943 439 2023 464 ma-

566 482 623 535 gis
641 479 822 521 fluctibus
840 478 987 519 aestuet
1005 480 1117 520 Mare
1134 510 1144 525 ,
1175 483 1218 520 ἅ
1231 484 1308 521 Aer
1324 482 1456 522 Ventis
1475 509 1483 517 ·
1510 483 1656 523 Verum
1676 482 1772 523 scire
1803 483 1897 522 licet
1912 510 1922 524 ‚
1954 482 2023 521 du-

564 537 659 592 plici
685 537 732 576 de
763 533 888 574 cauffa
918 549 1054 589 aegros
1088 536 1189 592 poffe
1218 540 1375 579 interire
1393 566 1402 581 ‚
1427 539 1486 579 vel
1520 538 1618 579 Solis
1649 541 1692 579 ὃς
1722 542 1853 579 Lunae
1886 540 1926 577 in
1944 539 2025 577 Hu-

563 607 690 632 mores
722 593 903 645 corporis
936 593 1091 648 impetu
1108 593 1242 637 facto,
1275 594 1439 636 &Vafis
1471 595 1682 650 disruptis,
1713 598 1756 637 ὃς
1789 608 1884 636 tunc
1904 596 2026 647 Aegri

561 650 601 688 in
614 649 736 688 Fluxu
754 676 765 691 ‚
796 647 856 688 seu
881 650 989 689 circa
1019 651 1188 691 mediam
1212 653 1388 692 Nodtem
1413 683 1422 698 ,
1453 653 1515 694 vel
1544 655 1650 694 circa
1674 653 1881 694 Meridiem
1908 653 2029 691 inter-

560 706 698 746 ibunt:
729 705 803 746 Vel
834 703 931 746 Crifi
962 707 1001 745 in
1035 707 1122 748 loca
1148 722 1229 748 non
1254 708 1500 751 conferentia
1531 708 1635 751 faeta
1668 741 1677 756 ,
1703 709 1851 750 scilicet
1879 710 1920 748 in
1946 709 2023 746 Ca-

560 772 635 815 put
652 792 661 807 ,
679 762 888 802 Pulmones
908 793 917 807 ,
945 764 1063 815 Jecur
1081 793 1089 807 ‚
1116 765 1271 818 aliaque
1288 764 1446 806 Viscera
1463 795 1473 809 ‚
1505 769 1547 807 &
1567 768 1639 807 hac
1671 769 1856 821 peribunt
1875 765 1996 815 Aegri
2014 790 2024 805 ‚

560 821 628 872 qui
659 820 824 859 Oriente
854 818 943 859 Sole
986 820 1048 859 vel
1080 823 1302 860 Occidente
1333 833 1527 874 pereunt.
1562 822 1914 874 Quemadmodum
1947 819 2024 858 hoc

561 885 742 929 tempore
769 875 906 915 meiius
939 876 1171 931 plerumque
1203 875 1238 916 se
1269 876 1417 917 habent
1433 880 1554 931 Aegri
1588 880 1821 919 remittente
1854 891 1923 930 per
1940 875 2030 914 Cri-

559 929 629 971 sim
658 933 935 987 particularem
949 933 1120 974 Morbo.
1155 934 1220 974 Ad
1253 932 1392 974 Crifim
1422 936 1527 975 enim
1543 937 1649 989 quies
1676 934 1871 987 quaedam
1903 932 2029 985 requi-

560 990 662 1028 ritur
678 1019 687 1033 ,
715 989 776 1030 seu
804 988 924 1029 aestus
954 989 1200 1045 impetusque
1218 992 1345 1030 minor
1363 1019 1372 1033 ‚
1406 993 1474 1044 qui
1491 1004 1599 1032 certe
1620 992 1880 1045 plerumque,
1916 999 1960 1026 ut
1978 1000 2028 1026 CX

560 1046 665 1084 Mari
696 1057 861 1100 apparet
881 1074 891 1089 ,
922 1050 1050 1099 major
1079 1046 1132 1086 est
1161 1046 1319 1088 Aestate
1352 1049 1513 1101 quidem
1543 1050 1736 1091 Oriente;
1761 1049 1900 1087 Hieme
1931 1057 2028 1083 vero

562 1103 784 1143 Occidente
802 1102 891 1143 Sole
913 1130 921 1139 ·

811 1232 1433 1276 PROPOSITIO
1501 1233 1780 1275 VLTIMA.

562 1351 680 1396 Mare
712 1350 917 1414 Superum
962 1368 1101 1398 revera
1141 1355 1425 1416 proprietates
1461 1352 1610 1414 magni
1646 1351 1823 1412 alicujus
1851 1351 2021 1399 Fluenti

629 1429 758 1477 habet
794 1448 809 1483 3
847 1448 981 1493 quum
1013 1432 1167 1479 horum
1204 1433 1326 1480 instar
1373 1432 1543 1479 cursum
1581 1432 1817 1494 quemdam
1866 1448 2019 1494 perpe—

631 1525 754 1558 tuum
773 1511 908 1558 servet
924 1530 939 1566 3
958 1514 1001 1558 in
1027 1511 1166 1560 Alveo
1190 1513 1267 1559 suo
1299 1512 1517 1565 elevetur3
1545 1513 1769 1573 ipsumque
1803 1509 2021 1557 interdum

631 1590 876 1643 Alluvione‚
892 1591 957 1637 vel
975 1589 1237 1638 Corrofione
1256 1588 1445 1654 quadam
1466 1589 1721 1653 quibusdam
1742 1592 1784 1636 in
1804 1589 1913 1636 locis
1935 1607 2026 1637 mu-

632 1686 727 1726 tet3
763 1673 808 1715 &
823 1685 987 1718 caetera
999 1672 1188 1735 patiatur
1203 1702 1218 1727 ‚
1251 1688 1362 1735 quae
1380 1669 1649 1720 Fluminibus
1674 1670 1876 1718 accidunt
1896 1705 1909 1717 .

975 1825 1628 1865 SCHOLIVMI.

568 1952 828 2042 POstrema
853 1951 948 1992 haec
973 1950 1196 2007 propositio
1229 1952 1365 2004 potius
1399 1948 1569 1989 aliorum
1601 1945 1939 1990 observationibus
1969 1952 2027 1990 in-

668 2012 808 2050 nititur
838 2039 847 2054 ‚
875 2023 996 2063 quam
1031 2008 1171 2048 nostris
1205 2023 1216 2052 ;
1254 2015 1459 2062 praeterea
1498 2003 1575 2045 fide
1606 2003 1895 2045 Historicorum
1930 2017 2030 2047 tem-

566 2069 675 2126 poris
705 2067 834 2107 exacsti
865 2097 875 2111 ‚
903 2067 945 2106 &
977 2064 1346 2118 Contemplatione
1381 2059 1655 2118 Phiiosophica
1692 2063 1814 2116 magis
1847 2063 2028 2117 indiget,

568 2128 687 2181 qu'am
717 2121 1069 2164 Observationibus
1087 2153 1098 2167 ‚
1135 2136 1236 2176 quae
1268 2136 1339 2176 per
1353 2121 1493 2161 Vitam
1520 2120 1630 2159 unius
1646 2118 1856 2164 Hominis,
1886 2120 2031 2159 nedum

569 2197 641 2237 per
676 2181 985 2235 quinquennium
1015 2209 1026 2223 ,
1066 2178 1150 2220 fieri
1182 2176 1325 2235 possint
1356 2206 1363 2213 .
1395 2177 1665 2218 Hadriaticum
1701 2176 1832 2215 Sinum
1865 2186 2021 2231 praeter

570 2238 737 2278 Fluxum
764 2238 807 2276 &
837 2237 1050 2279 Refluxum
1069 2268 1078 2284 ,
1106 2236 1166 2278 seu
1198 2236 1357 2277 Aestum
1374 2236 1567 2275 marinum
1586 2261 1596 2276 ‚
1629 2234 1697 2287 qui
1726 2246 1748 2270 a
1778 2233 2021 2287 generalibus

573 2292 707 2336 cauffis
737 2293 915 2335 Vniverfi
937 2322 947 2338 ,
984 2308 1125 2349 nempe
1155 2308 1178 2335 a
1209 2295 1310 2335 Solis
1326 2295 1533 2347 Lunaeque
1564 2301 1679 2330 motu
1714 2317 1722 2331 ‚
1765 2289 1893 2330 aliave
1925 2304 2022 2344 qua-

573 2365 743 2405 cumque
768 2350 924 2393 alterius
955 2352 1138 2393 Planetae
1169 2354 1366 2407 vertigine
1402 2349 1571 2406 pendere
1597 2345 1726 2403 potest
1753 2375 1763 2390 ,
1797 2347 1841 2385 &
1873 2357 2027 2400 praeter

575 2409 863 2449 Fludtuat'iones
880 2439 890 2455 ,
905 2410 948 2449 &c
962 2408 1286 2450 Intumescentias
1301 2409 1424 2451 varias
1442 2434 1452 2448 ‚
1483 2420 1577 2460 quas
1609 2403 1677 2460 ipfi
1694 2415 1906 2459 procreant
1922 2404 2022 2444 Ven-

580 2468 639 2510 ti,
666 2464 922 2521 superioribus
952 2467 1118 2508 Saeculis
1152 2468 1313 2521 quidam
1351 2465 1493 2505 Veneti
1508 2464 1582 2503 Rei
1613 2462 1776 2505 Navalis
1806 2460 1996 2504 Praefecti
2016 2491 2026 2505 ,

1933 2530 2030 2572 quos
