2145 2910
524 181 575 226 38
954 180 1049 222 DE
1105 182 1531 225 CONCHIS

519 274 607 301 rum
635 261 743 302 cibos
758 293 767 304 .
795 264 968 305 Secunda
982 265 1199 306 Gibbarum
1215 266 1268 306 est
1283 268 1416 322 capite
1439 264 1606 306 rostrato
1623 292 1633 310 ‚
1669 278 1768 320 quae
1784 281 1806 307 a
1821 267 1957 310 nostris

518 318 748 379 Gammarus
764 319 934 362 dicitur.
963 321 1096 365 Tertia
1129 321 1294 375 denique
1309 322 1455 375 Squilla
1488 321 1735 376 praecedenti
1767 322 1884 376 plane
1913 323 1958 365 fi.

521 371 621 411 milis
639 400 650 415 ‚
681 373 744 415 sed
775 376 908 431 paullo
935 377 1087 421 minor,
1111 378 1155 419 δε
1183 390 1262 417 non
1291 378 1455 419 rostrata
1473 405 1483 419 ‚
1516 390 1616 432 quae
1631 377 1799 431 Squillae
1816 392 1959 421 nomen

519 429 625 481 apud
653 429 804 473 nostros
834 434 1000 472 retinet.
1033 434 1112 472 Has
1142 433 1235 474 duas
1266 448 1340 474 una
1358 435 1524 489 capiunt
1542 434 1685 475 retibus
1701 432 1773 474 suis
1791 434 1960 487 piscato-

519 497 577 524 res
595 512 604 527 ‚
637 500 736 538 quae
752 489 890 527 coctae
906 485 1104 529 rufescunt
1130 499 1174 529 ut
1188 490 1391 530 Cammari
1405 517 1413 525 .
1440 489 1595 531 Crudae
1612 490 1734 529 etiam
1750 490 1960 531 comedun-

521 550 585 602 tur
602 572 610 584 ‚
640 540 799 593 suntque
815 552 982 595 utroque
1000 544 1121 585 modo
1138 543 1341 597 gracillimi
1355 544 1498 600 saporis
1519 576 1528 589 ,
1545 546 1587 584 ὃς
1602 544 1685 585 esca
1703 559 1861 600 quoque
1877 544 1958 587 sua-

519 594 665 658 vissima
688 595 853 650 piscibus
881 595 1009 645 fiunt,
1040 613 1116 653 qua
1146 599 1357 655 piscatores
1389 612 1555 643 utuntur
1583 611 1628 641 ut
1655 615 1720 641 eos
1753 603 1955 642 irretiant.

517 649 669 714 Squillis
695 652 863 707 denique
878 655 1014 695 Gibbis
1045 667 1213 711 propter
1232 658 1469 711 parvitatem
1497 660 1539 698 ὅ(
1554 656 1794 698 structuram·
1818 657 1958 710 adjun-

515 706 631 768 gendi
661 709 779 749 etiam
807 709 925 751 effent
951 712 1099 754 Pulices
1125 712 1271 755 ‘marini
1288 740 1298 756 ‚
1328 724 1374 755 ut
1388 714 1550 756 cuilibet
1580 713 1798 754 attendenti
1814 710 1859 754 fit
1875 727 1959 753 ma-

516 761 691 804 nifestum
711 793 718 800 -
749 766 858 807 Inter
886 766 1116 808 Crustaceos
1145 767 1343 821 longiores
1359 769 1427 811 hic
1453 771 1699 824 reperiuntur
1717 767 1845 808 Astaci
1863 794 1872 809 ‚
1893 767 1956 809 sed

518 820 639 860 rarius
659 820 780 863 modo
796 851 807 865 ,
837 820 967 862 nescio
998 835 1075 876 qua
1104 823 1151 860 de
1167 822 1293 865 cauffa
1310 850 1321 865 ‚
1352 838 1472 876 quam
1488 825 1611 864 olim.
1642 824 1753 863 Inter
1777 821 1864 863 istos
1895 824 1954 862 in·

517 876 671 938 tei-dum
702 877 863 917 maximi
894 880 1146 933 reperiuntur
1161 876 1412 935 sesquipedali
1442 879 1717 933 longitudine.
1748 878 1954 919 Crudiva-

515 933 562 970 rii
594 930 678 973 sunt
695 932 865 978 coloris,
897 932 960 975 sed
977 936 1083 975 cocti
1113 937 1267 988 penitus
1294 936 1435 976 rubent
1453 962 1461 972 .
1494 937 1628 987 Qare
1656 933 1704 975 ad
1718 935 1949 975 Cammaros

515 988 559 1027 δε
575 989 585 1026 i
590 987 644 1043 pfi
674 991 889 1033 revocandi
907 1019 917 1034 2
948 1001 992 1031 ut
1007 990 1081 1034 fert
1097 992 1216 1032 etiam
1247 1005 1383 1034 eorum
1400 990 1525 1034 forma
1542 1017 1551 1028 ι
1579 983 1714 1060 3053}
1730 993 1960 1077 ῦῖγββδγ

524 1060 552 1084 γι
563 1049 657 1087 ’.Χ-3(
665 1047 713 1084 {X
729 1061 742 1072 ⁴
1478 1070 1482 1075 s

545 1101 1930 1139 QQQQNQQQQQQQQQQQ

908 1195 1344 1258 CAPVT
1416 1194 1566 1254 III.

400 1306 502 1352 ·'.,-
527 1290 744 1351 §.T-Buta
783 1305 993 1333 MARINA
1025 1293 1322 1342 Ecn1na‘r13
1353 1295 1689 1333 Romnum
1738 1301 1947 1334 Afrrnrs

509 1350 517 1360 '
563 1344 740 1389 '31⁵1N1s
789 1362 974 1389 CARENS
1005 1379 1014 1394 ,
1058 1348 1330 1391 MEDIoCRI
1377 1359 1761 1388 MAGNITVDINE
1795 1377 1805 1393 ‚
1845 1360 1950 1389 LIT-

571 1415 728 1445 ‘ronls
758 1407 1154 1448 ARIMINENSIS.

516 1493 545 1534 Ῑ-
576 1494 803 1584 STellam
833 1496 961 1543 hanc,
990 1499 1099 1549 cujus
1131 1497 1330 1536 interdum
1363 1494 1587 1537 immensam
1619 1496 1702 1535 vim
1746 1492 1833 1548 post
1860 1509 1950 1548 pro-

667 1551 782 1594 cellas
812 1555 964 1594 evomit
992 1552 1164 1593 nostrum
1196 1567 1299 1594 mare
1331 1583 1341 1598 ,
1373 1566 1472 1606 quae
1506 1562 1670 1605 propter
1699 1564 1843 1604 corpus
1871 1564 1947 1589 me-

513 1607 645 1649 diocre
675 1621 767 1649 cum
798 1610 960 1650 Araneis
991 1610 1202 1661 majoribus
1245 1610 1526 1661 cognationem
1554 1607 1763 1661 quamdam
1804 1606 1947 1646 habere

514 1665 669 1706 videtur
687 1689 698 1706 2
727 1664 879 1706 Tabula
908 1664 976 1706 IV.
992 1662 1116 1719 figura
1133 1665 1196 1704 IV.
1236 1662 1303 1703 sub
1333 1664 1468 1703 littera
1493 1665 1543 1702 D.
1574 1665 1684 1718 pingi
1713 1664 1945 1704 curavimus,

513 1730 629 1776 atque
659 1721 702 1760 iis
731 1721 952 1760 nominibus
983 1722 1022 1760 in
1052 1717 1235 1774 apposito
1267 1718 1387 1758 titulo
1404 1719 1635 1760 donavimus
1657 1746 1666 1759 ‚
1695 1719 1802 1771 quod
1821 1719 1946 1756 minus

513 1787 609 1818 nota
626 1806 636 1820 ,
665 1777 763 1818 &in
781 1777 885 1816 libris
903 1789 983 1816 non
1013 1775 1099 1816 satis
1130 1776 1227 1813 bene
1244 1773 1442 1825 descripta
1471 1774 1649 1812 videatur
1665 1803 1672 1811 .
1691 1771 1829 1813 Affinis
1845 1774 1945 1812 enim

512 1831 669 1871 videtur
697 1829 922 1872 Lacertosae
951 1829 1104 1868 Linckii
1134 1827 1303 1865 Tam-11.
1333 1841 1439 1864 num·
1470 1827 1535 1865 IV.
1570 1826 1633 1864 sed
1665 1826 1777 1876 hujus
1805 1841 1948 1880 corpus

512 1900 601 1927 cum
619 1886 734 1928 radiis
751 1887 941 1936 majorem
956 1883 1255 1937 proportionem
1277 1881 1395 1922 habet
1411 1896 1528 1934 quam
1545 1881 1639 1921 haec
1659 1880 1783 1921 nostra
1803 1913 1809 1921 .
1844 1882 1945 1922 Item

512 1943 792 1996 cognationem
809 1940 950 1982 habere
967 1939 1121 1979 videtur
1150 1953 1240 1978 cum
1258 1939 1501 1978 Luminicali
1519 1937 1756 1991 longicauda
1779 1936 1946 1990 ejusdem

513 1998 610 2038 Tab.
627 1998 693 2039 XI.
711 2011 815 2037 num.
846 1996 967 2039 XVII.
997 1994 1059 2036 sed
1088 1996 1216 2035 minor
1248 1994 1464 2034 admodum
1490 1992 1542 2034 est
1571 1992 1822 2035 Ariminenfis
1851 2021 1857 2028 -
1895 1996 1947 2034 Si-

514 2053 647 2094 milior
679 2064 809 2094 tamen
840 2053 993 2094 videtur
1011 2051 1149 2092 Stellae
1164 2051 1383 2092 lumbricali
1416 2065 1585 2107 corpore
1602 2050 1785 2089 lateribus
1804 2050 1943 2090 lunatis

515 2108 683 2163 ejusdem
697 2109 848 2152 Tabula
863 2110 986 2149 XXII.
1004 2123 1108 2148 num.
1123 2109 1335 2149 XXXV&
1352 2107 1592 2161 aliquantum
1623 2117 1845 2160 pentagono
1866 2105 1945 2146 sco-

515 2165 764 2221 lopendroidi
792 2166 958 2220 regulari
989 2180 1094 2205 num.
1127 2165 1244 2205 XLV.
1275 2163 1426 2206 Tabula
1444 2165 1600 2205 XXVII·
1635 2161 1695 2202 sed
1715 2164 1835 2217 magis
1864 2162 1945 2217 gla-

515 2224 586 2265 bra
615 2221 667 2263 est
681 2222 928 2265 Ariminenfis
946 2251 954 2258 .
988 2223 1124 2273 Qare
1140 2236 1261 2276 quum
1293 2221 1388 2261 haec
1413 2220 1528 2260 Stella
1547 2218 1678 2259 multis
1707 2219 1865 2272 quidem
1897 2217 1943 2258 fit

517 2277 638 2320 affinis
655 2306 666 2322 ‚
696 2279 791 2319 nulli
809 2293 902 2321 vero
918 2277 1132 2334 descriptae
1161 2278 1296 2318 eadem
1313 2308 1324 2324 ,
1356 2277 1432 2318 huc
1464 2279 1562 2316 inter
1589 2290 1646 2315 res
1674 2277 1797 2315 minus
1830 2286 1941 2315 notas

518 2335 720 2376 attulimus
738 2365 745 2373 .
770 2338 951 2390 Corpore
969 2364 978 2380 ‚
1011 2348 1055 2376 ut
1070 2335 1151 2375 dixi
1170 2363 1181 2378 ‚
1197 2334 1248 2376 est
1263 2348 1385 2390 parvo
1403 2364 1412 2379 ,
1428 2348 1472 2373 ea
1490 2331 1635 2374 scilicet
1661 2331 1942 2386 magnitudine,

519 2406 638 2446 quam
664 2391 782 2433 allata
795 2393 935 2448 Figura
966 2390 1226 2448 repraesentat
1243 2422 1251 2431 .
1284 2393 1338 2432 Ex
1354 2393 1431 2443 ejus
1449 2404 1538 2436 ore,
1561 2388 1587 2430 si
1603 2403 1743 2444 corpus
1770 2388 1943 2444 compriae

1872 2457 1947 2485 mar
