2145 2910
504 222 566 256 44
941 182 1505 247 DecoNoH'1s

510 297 551 337 ni
567 293 757 336 foramine
775 291 947 333 rotundo
977 289 1049 332 fint
1079 290 1243 330 donati.
1272 291 1355 332 Alii
1378 305 1474 332 vero
1503 304 1579 345 pro
1608 290 1794 346 spongiae
1811 291 1937 347 specie

511 350 658 393 habent
674 360 839 405 propter
856 346 1018 402 figuram
1049 349 1092 387 &
1116 345 1340 387 levitatem.
1373 349 1476 387 Huic
1498 347 1686 402 alcyonio
1703 379 1713 394 ,
1743 360 1789 389 ut
1816 348 1939 390 obser-

511 410 621 450 vavit
637 405 822 461 Josephus
841 405 1049 444 Zinannius
1068 431 1078 446 ‚
1107 402 1269 443 haerent
1283 417 1398 445 nuces
1416 403 1504 443 illae
1520 405 1692 445 marinae
1708 403 1857 445 nostrae
1882 405 1940 445 la-

510 476 554 505 ta
584 464 677 504 testa
709 465 751 501 ὅ(
782 461 997 501 convoluta
1028 490 1039 506 ,
1069 471 1112 498 ut
1140 460 1307 500 diximus
1333 465 1388 509 (a)
1421 489 1427 496 -
1464 461 1677 515 Propterea
1708 474 1822 501 nuces
1853 460 1938 500 illas

512 523 573 561 vir
602 515 825 560 clarissimus
856 516 1052 556 hirudines
1081 517 1248 557 marinas
1280 517 1450 557 vocabat
1478 544 1488 553 .
1529 518 1706 558 Secundo
1744 517 1835 556 loco
1867 516 1941 557 fre-

509 590 631 630 quens
647 574 744 613 subit
760 571 999 626 piscatorum
1028 574 1128 613 retia
1156 572 1382 627 alcyonium
1415 574 1556 614 durum
1573 601 1583 616 ‚
1614 587 1798 627 magnum
1815 602 1824 617 ‚
1856 584 1941 612 tor-

511 628 626 671 tuofis
658 628 905 669 amfractibus
933 640 1167 670 excavatum
1184 656 1194 672 ‚
1224 630 1332 683 quod
1361 628 1481 670 nostri
1508 629 1691 671 Turhante
1716 640 1882 684 propter
1897 626 1941 668 fi-

509 686 774 728 militudinem
798 685 1008 739 quamdam
1038 700 1128 725 cum
1146 685 1364 726 Turcarum
1396 688 1497 726 tiara
1526 685 1751 741 appellant.
1783 687 1871 726 Hoc
1890 698 1940 724 an

510 742 598 783 satis
615 745 714 784 bene
731 741 967 797 descriptum
996 740 1041 781 fit
1070 743 1119 782 ab
1149 743 1374 782 aud’coribus
1405 743 1598 783 botanicis
1631 742 1742 783 valde
1771 742 1941 781 dubito·

510 800 575 840 Ad
595 813 777 853 magnam
796 799 939 838 molem
955 797 1113 851 affurgit
1128 824 1139 838 ‚
1166 809 1211 836 ut
1234 799 1425 837 diameter
1454 801 1565 837 unius
1582 828 1592 842 ‚
1623 798 1726 849 quod
1755 797 1860 849 apud
1876 810 1942 836 me

511 856 564 897 est
585 887 594 901 ,
622 854 888 910 sesquipedalis
904 853 1159 907 longitudinis
1176 854 1391 908 reperiatur
1406 883 1416 898 ,
1443 853 1486 891 &
1515 851 1829 893 circumferentia
1847 865 1941 904 pro-

514 913 607 953 inde
630 911 731 951 ultra
752 921 918 965 quatuor
934 910 1048 965 pedes
1065 910 1291 963 porrigatur
1310 938 1317 945 .
1347 905 1568 961 Qod'libet
1589 908 1732 948 horum
1750 909 1788 946 in
1805 908 1938 947 medio

511 967 690 1010 foramen
721 983 768 1008 ex
798 978 961 1021 utraque
998 976 1109 1020 parte
1137 980 1337 1021 permeans
1364 965 1482 1005 habet
1509 996 1518 1004 .
1547 965 1682 1016 Qare
1714 962 1940 1018 alcyonium

513 1026 591 1065 hoc
608 1030 730 1078 magis
749 1022 888 1064 fiscinis
922 1023 996 1063 illis
1011 1023 1157 1077 junceis
1176 1052 1186 1067 ‚
1215 1035 1313 1077 quae
1341 1022 1454 1063 olivis
1475 1019 1641 1061 contusis
1670 1021 1808 1074 plenae
1824 1018 1938 1073 prelo

514 1083 564 1125 ad
580 1081 712 1122 oleum
731 1080 976 1122 educendum
994 1078 1277 1134 supponuntur,
1292 1077 1413 1127 simile
1427 1076 1480 1116 est
1494 1107 1504 1122 ‚
1518 1091 1636 1131 quam
1666 1078 1785 1115 tiarae
1799 1075 1943 1116 Turci-

516 1152 610 1178 cae.
640 1137 816 1177 Describi
846 1138 966 1191 igitur
996 1136 1150 1191 poffet:
1183 1137 1389 1189 Alcyonlum
1420 1135 1552 1173 durum
1581 1146 1777 1187 magnum,
1808 1142 1943 1173 tortuo-

508 1195 556 1246 fis
582 1193 720 1246 finibus
739 1204 986 1235 excavatum,
1006 1194 1057 1230 &⁴
1087 1197 1125 1232 in
1155 1192 1267 1232 medio
1294 1192 1518 1246 perforatum
1536 1217 1546 1233 ‚
1573 1190 1744 1230 oleariam
1767 1188 1942 1242 flftinam

517 1251 675 1303 referens
693 1275 701 1283 ·
726 1247 829 1287 Huic
847 1247 1031 1301 alcyonio
1047 1262 1127 1300 quo
1144 1248 1191 1286 ad
1209 1248 1393 1289 duritiem
1408 1248 1449 1286 &
1466 1249 1659 1286 internam
1684 1245 1845 1301 pulpam
1861 1244 1942 1286 val-

518 1307 566 1347 de
596 1304 716 1346 simile
733 1303 784 1344 est
799 1303 1027 1358 alcyonium
1043 1303 1207 1343 alterum
1239 1304 1416 1356 glabrum
1439 1304 1482 1342 &
1513 1301 1658 1344 flavum
1675 1330 1686 1345 ‚
1719 1300 1943 1355 malumque

520 1363 738 1418 cydonium
772 1359 937 1400 referens
970 1387 979 1401 ‚
1017 1375 1039 1400 a
1078 1357 1331 1412 piscatoribus
1366 1359 1500 1399 nostris
1530 1360 1682 1415 Cotogna
1712 1362 1858 1399 marina
1889 1357 1947 1397 di-

433 1447 481 1463 ff
522 1423 631 1460 «stum
650 1449 658 1456 .
690 1418 836 1458 Colore
866 1417 955 1470 huic
981 1430 1169 1470 perquam
1200 1413 1317 1455 simile
1345 1415 1397 1455 est
1426 1418 1468 1455 &
1498 1416 1661 1455 alterurn
1691 1416 1945 1468 alcyonium‚

32 1480 466 1538 Gff·mff,2,2ja-
523 1474 584 1516 sed
603 1474 871 1529 magnitudine
886 1473 1000 1527 longe
1016 1475 1138 1513 minus
1156 1502 1166 1517 ‚
1195 1483 1240 1511 ut
1271 1485 1392 1512 ovum
1424 1469 1679 1523 gallinaceum
1712 1471 1775 1509 vel
1804 1484 1947 1523 parvu-

22 1526 87 1602 'lffi
113 1532 481 1595 §ffi'fffiyfflm‘nm
522 1533 605 1572 lum
635 1533 798 1572 limonem
823 1529 989 1570 referat.
1019 1526 1203 1569 Flavescit
1232 1529 1335 1569 enim
1364 1527 1527 1581 pulchre
1555 1538 1601 1565 ut
1632 1527 1785 1566 medica
1814 1525 1917 1566 mala
1936 1555 1945 1569 ,

67 1589 355 1636 aamldt'm·
521 1590 622 1628 intus
646 1588 767 1641 pulpa
784 1587 942 1626 duriore
957 1584 1108 1625 constat
1122 1611 1131 1626 ‚
1147 1585 1189 1622 δε
1202 1583 1306 1625 fibris
1324 1585 1505 1624 radiatim
1521 1580 1710 1636 dispositis
1727 1612 1736 1626 ‚
1754 1582 1878 1622 odore
1894 1579 1947 1620 est

520 1645 733 1684 admodum
751 1642 991 1696 pisculento.
1021 1639 1199 1680 Describi
1214 1640 1358 1693 poffet:
1389 1641 1596 1694 Alcyonium
1607 1640 1758 1691 flavum
1785 1640 1917 1678 Aurius
1935 1665 1944 1679 ³

522 1716 631 1740 ovum
650 1727 661 1743 ,
683 1701 745 1738 vel
755 1711 918 1753 parvum
950 1698 1086 1737 malum
1103 1700 1251 1736 citrium
1281 1697 1439 1748 referens
1456 1722 1464 1729 ·
1496 1696 1652 1748 Longus
1681 1696 1793 1733 nimis
1822 1691 1947 1736 estem,

519 1755 546 1796 si
563 1770 734 1811 corpora
748 1755 880 1795 omnia
897 1755 1092 1793 maritima
1120 1752 1206 1791 heic
1234 1750 1377 1792 referre
1402 1750 1566 1791 vellem.
1594 1752 1690 1791 Non
1721 1750 1943 1803 praeteribo

522 1824 654 1852 tamen
682 1811 825 1851 referre
857 1810 1081 1863 alcyonium
1120 1805 1399 1844 foraminosum
1431 1806 1620 1855 Imperati
1650 1833 1661 1847 ,
1701 1809 1743 1845 ὃς
1781 1807 1945 1846 arantias

520 1869 686 1908 marinas
703 1867 759 1916 (b)
775 1864 909 1905 colore
928 1862 1044 1909 viridi
1060 1862 1127 1901 hic
1146 1859 1216 1901 effe
1233 1856 1550 1914 frequentisfimas
1568 1884 1577 1893 .

254 2056 270 2076 »t
287 2071 290 2076 ¹
307 2066 317 2074 q
355 2051 369 2065 ἱ
383 2059 393 2064 ..
414 2068 422 2075 .
577 2070 583 2075 1

399 2355 453 2385 “”“·
480 2366 484 2372 '
1858 2363 1950 2404 CA-

562 2477 600 2506 ‘a)
622 2475 684 2503 Vid.
693 2474 764 2512 Ῑῖιρνν.
779 2476 861 2510 Caput
873 2483 966 2503 11111.
979 2473 1089 2501 Primae
1100 2472 1191 2501 Partis
1203 2482 1275 2501 num.
1290 2472 1327 2500 11.
1522 2493 1528 2498 ,
1957 2465 1964 2472 ’

560 2510 601 2540 (b)
622 2510 694 2545 casp.
708 2509 900 2538 Baulzinfflin.
915 2513 972 2543 369.
1009 2504 1329 2566 5:²⁶2&ssssOE
1350 2514 1393 2544 ρ.
1404 2478 1573 2572 ff!
1582 2497 1716 2601 252,
1738 2483 2003 2559 stsqpnucn„

602 2572 604 2577 ¹
1161 2567 1198 2580 3.ae
1631 2544 1741 2621 affl
1762 2565 1771 2576 u
