2125 2915
1460 214 1535 246 127

112 294 189 348 Fig.
209 294 258 333 H.
277 291 337 333 Est
359 291 587 345 conspectus
615 287 705 329 ficus
720 283 983 328 Officulorum
999 287 1104 328 circa
1120 286 1296 327 canalem
1320 288 1528 328 ventriculi

224 349 468 404 Amygdalae
486 349 656 387 marinae
672 373 680 381 ·

110 407 241 462 Figgg.
260 421 304 445 m.
323 421 349 444 o.
368 420 402 443 n.
434 403 519 443 sunt
540 400 711 443 Officula
741 400 879 441 eodem
896 400 1017 440 modo
1034 400 1082 441 ad
1099 398 1360 441 ventriculum
1377 401 1500 441 Nucis
1515 429 1527 446 ,

222 461 281 502 seu
310 462 473 513 Jujubae
499 461 668 500 marinae
693 457 889 497 collocata
909 488 916 495 .
945 458 1067 509 Qod
1098 456 1149 496 est
1178 456 1222 495 ad
1255 473 1270 496 o
1295 455 1347 496 est
1362 458 1400 496 in
1428 457 1528 498 statu

219 517 387 558 naturali
405 548 414 562 ‚
446 516 593 570 reliqu-a
619 515 699 555 duo
727 510 811 553 sunt
838 514 943 553 vitro
971 516 1086 553 aucta
1103 540 1110 548 ·
1142 512 1306 555 Omnia,
1347 527 1445 566 quae
1475 515 1525 555 ad

219 572 484 629 Amygdalam
502 600 512 616 ‚
542 573 585 613 &
600 571 648 611 ad
665 573 818 612 Nucem
835 570 1022 609 marinam
1042 568 1238 624 speciant,
1256 567 1522 611 describuntur

217 645 303 685 cap.
320 644 358 670 x.
377 631 416 669 in
432 627 662 684 Appendice
679 657 686 666 .

106 686 182 741 Fig.
203 687 246 726 L.
264 685 324 726 est.
341 686 494 727 Tellina
509 684 664 726 fasciata
673 682 840 724 bicauda
855 694 1003 737 cap-XI.
1019 682 1058 721 in
1074 682 1306 737 Appendice
1321 681 1526 738 descripta,

220 744 264 782 ὅ(
284 744 323 782 in
338 741 563 789 Corollario
584 754 671 794 pag.
686 745 751 786 46.
768 752 873 779 num.
892 751 978 779 1111·
996 738 1119 779 relata
1135 767 1143 775 .
1162 738 1227 779 Ad
1245 752 1279 778 c.
1294 753 1329 778 c.
1345 737 1431 779 sunt
1444 743 1525 793 ejus

217 798 364 839 caudae
382 798 639 838 articulatae,
655 796 698 834 δε
714 795 984 847 cartilagineae
1001 822 1012 837 ,
1038 808 1137 849 quae
1153 793 1305 836 fortaffe
1320 796 1524 837 Entrochis

208 855 398 906 praebent
413 855 607 908 originem
625 879 633 887 ·
660 850 725 892 Ad
742 866 764 890 a
778 848 930 891 fortasse
945 849 998 891 est
1012 865 1056 891 os
1072 879 1083 894 ,
1113 854 1157 893 δε
1171 851 1220 891 ad
1238 852 1269 892 b.
1285 854 1393 892 Anus
1411 884 1418 890 .

522 964 879 1006 TABVLA
952 965 1097 1006 XII.

93 1078 174 1134 Fig.
189 1078 239 1119 A.
269 1079 327 1122 Est
344 1080 516 1136 Spongia
539 1077 692 1120 ramosa
719 1078 876 1120 ramulis
893 1079 1024 1120 nitidis
1040 1078 1188 1120 conicis
1204 1106 1214 1117 .
1246 1080 1312 1121 Ad
1327 1081 1369 1121 B.
1386 1078 1439 1120 est
1451 1080 1522 1120 Al-

202 1140 390 1191 cyonium
411 1139 554 1178 durum
570 1164 581 1179 ,
614 1138 681 1177 ubi
710 1135 870 1198 haeret3
899 1135 961 1176 sed
982 1135 1115 1176 haeret
1130 1138 1248 1177 etiam
1271 1137 1515 1190 Petrobryis‚

201 1194 245 1233 δε
262 1196 438 1235 Conchis
456 1210 466 1239 ;
495 1193 592 1233 haec
608 1191 840 1233 descnbitur
868 1206 955 1246 cap.
972 1204 1068 1233 xxx-
1086 1193 1127 1231 in
1143 1193 1377 1247 Appendice
1395 1218 1403 1227 -

483 1305 852 1348 TABVLA
924 1304 1122 1345 XIII.

90 1415 170 1472 Fig-
188 1418 228 1458 B·
251 1416 304 1460 est
331 1420 502 1476 Spongia
517 1418 667 1460 ramosa
692 1421 808 1459 ramis
837 1420 1016 1472 implexis
1033 1419 1204 1462 conicis,
1234 1420 1278 1460 &
1302 1431 1517 1461 excavata.

202 1476 267 1516 Ad
282 1492 315 1516 a.
331 1492 364 1516 a.
383 1493 416 1517 a.
436 1474 774 1526 repraesentantur
797 1473 975 1513 foveolae
993 1504 1003 1515 ‚
1023 1477 1064 1513 in
1079 1476 1217 1526 quibus
1235 1477 1369 1517 haeret
1386 1477 1517 1530 liquor

222 1529 391 1583 impense
405 1531 519 1568 ruber
536 1557 544 1565 .
574 1528 683 1568 Haec
700 1540 787 1580 cap.
803 1540 922 1567 xxx1.
938 1527 1170 1569 describitur
1201 1531 1241 1569 in
1256 1533 1491 1585 Appendice
1510 1560 1518 1570 .

515 1640 872 1682 TABVLA
930 1642 1093 1682 XIV.

89 1755 242 1809 Fig-C.
261 1753 314 1796 est
343 1757 511 1810 Spongia
537 1754 683 1796 velaria
723 1753 873 1795 ramosa
904 1756 1020 1794 ramis
1050 1755 1233 1810 implexis
1277 1770 1362 1811 cap.
1382 1771 1516 1800 xxxn.

87 1868 163 1923 Fig.
200 1811 529 1921 &sceapgssnongia
565 1868 730 1908 Hircina
758 1866 926 1908 saturate
962 1865 1047 1906 rufa
1074 1869 1226 1909 ramosa
1267 1868 1310 1909 ὅς
1340 1870 1513 1925 implexa

209 1926 298 1976 cap.
314 1935 475 1964 xxxm.
491 1921 684 1979 descripta
701 1951 710 1960 .

543 2037 577 2078 T
609 2038 646 2078 Α
677 2038 705 2077 Β
733 2037 772 2077 V
801 2037 832 2076 L
862 2038 899 2077 Α
958 2036 993 2075 Χ
1022 2036 1070 2075 V.

88 2151 166 2204 fig.
195 2151 233 2190 E.
258 2151 310 2191 est
325 2153 497 2208 Spongia
521 2153 683 2192 Hircina
699 2151 858 2206 globosa
874 2167 962 2208 cap.
981 2164 1162 2193 xxx1111.
1179 2154 1373 2210 descripta
1388 2183 1398 2193 .

86 2207 166 2261 Fig.
184 2222 210 2246 e.
227 2207 315 2247 sunt
338 2208 534 2249 filamenta
556 2208 736 2264 stupposa
766 2223 814 2249 ex
837 2209 909 2249 hac
939 2211 1112 2264 Spongia
1135 2210 1313 2253 detracta
1329 2243 1339 2258 ,
1370 2222 1415 2253 ut
1442 2227 1509 2255 eo·

205 2278 292 2302 rum
320 2263 508 2306 structura
524 2278 706 2306 cernatur
724 2293 731 2301 ·

86 2318 168 2372 Fig.
185 2318 221 2357 F.
236 2318 289 2358 est
305 2318 464 2375 spongia
482 2321 632 2362 ramosa
649 2324 778 2362 minor
794 2349 803 2363 ,
823 2321 980 2362 ramulis
995 2322 1241 2376 complicatis
1258 2353 1267 2367 ,
1298 2321 1508 2379 vulgatiffi-

197 2389 261 2414 ma
277 2405 286 2419 ‚
330 2377 373 2416 &
411 2377 572 2431 globosa
615 2378 843 2434 plerumque
886 2392 972 2431 cap.
994 2391 1115 2419 xxxv.
1151 2381 1191 2420 in
1215 2382 1507 2435 Appendice.)

195 2429 386 2485 descripta
403 2460 412 2469 .

1378 2493 1507 2534 TABV-
