2145 2910
437 203 1281 249 AESTVSMARITIMI
1532 224 1582 255 77

133 312 212 354 pen
242 298 286 338 ὅ(
317 295 475 337 Abilam
492 327 502 342 ‚
531 298 598 338 ubi
625 311 727 338 nunc
742 295 795 338 est
811 294 951 352 insigne
971 297 1128 338 Fretum
1141 297 1380 339 Gaditanum
1398 327 1408 343 ,
1433 311 1486 340 ex
1501 312 1581 353 quo

130 357 180 396 ab
196 357 360 394 Oceano
389 355 429 393 in
458 355 580 394 maria
610 352 737 394 nostra
769 367 890 407 aquae
906 367 1039 395 omnes
1057 352 1223 395 influunt
1240 382 1251 397 ‚
1280 355 1323 394 &
1348 356 1397 396 ab
1424 353 1508 411 ipsis
1544 359 1581 398 in

132 413 338 452 Oceanum
368 407 536 450 refluunt
552 441 562 455 ,
592 422 635 450 ut
659 411 836 450 omnibus
851 409 903 450 est
920 421 1084 451 notum.
1109 410 1294 466 Josephus
1311 411 1484 452 Montius
1511 415 1587 454 Bo-

131 469 280 506 tanicus
310 465 489 519 insignis,
522 466 791 507 &Historicus
809 467 1008 507 Naturalis
1038 466 1309 510 Bononiensis,
1345 470 1414 522 qui
1444 469 1492 510 de
1526 469 1583 510 his

134 523 248 562 rebus
279 535 353 575 pro
367 522 644 566 Woodwardo
674 521 819 577 scripsit
850 527 922 572 (a)
940 552 950 566 ,
968 526 1159 564 rationem
1191 523 1305 564 aliam
1338 525 1587 571 adducebat.

133 589 180 618 ut
202 580 388 633 probaret
418 580 667 620 Noachicum
681 579 973 634 Cataclysmum
990 580 1215 635 Conchylia
1238 582 1277 620 in
1296 582 1499 621 Montibus
1518 584 1592 623 Bo-

133 632 373 675 noniensibus
403 635 591 690 reliquisse
608 667 618 681 ‚
645 636 751 690 quod
782 650 922 689 nempe
951 651 1089 677 eorum
1122 635 1245 677 multa
1281 650 1361 677 non
1389 638 1589 679 Hadriati-

133 692 198 736 ci,
226 690 288 732 vel
316 690 434 732 Inferi
465 694 578 732 maris
605 691 678 732 sint
709 692 891 747 indigena
922 723 932 737 ‚
974 703 1019 732 ut
1048 707 1180 733 revera
1210 693 1280 733 effe
1311 695 1495 735 deberent
1521 724 1531 739 ‚
1559 693 1588 736 ss

132 746 229 786 haec
258 747 384 786 Maria
408 748 504 788 olim
528 749 732 789 cacumina
769 748 836 789 illa
873 749 1113 803 attigissent,
1149 747 1212 790 sed
1237 749 1375 790 Indica
1411 750 1484 791 smt
1502 783 1512 798 ‚
1544 764 1587 792 ut

133 804 266 857 Caput
296 802 392 842 illud
406 804 610 846 Rosmari,
641 804 752 858 super
780 819 860 858 quo
881 806 1180 846 Tractationem
1212 805 1315 846 suam
1347 806 1502 861 scripsit
1523 810 1595 850 vir

133 859 303 898 eruditus
320 889 327 896 .
358 859 506 899 Verum
536 860 659 899 homo
681 861 819 913 aliqu‘ff
835 872 972 900 acutus
989 861 1074 901 heic
1091 873 1280 917 reponere
1296 863 1418 916 posset
1435 878 1444 903 :
1475 864 1589 905 Tunc

133 914 261 953 Maria
280 912 582 966 noffiaquando
600 915 875 957 versiaesillos
891 917 1104 963 abluebant
1119 917 1282 973 thuiffe
1299 934 1342 960 ea
1359 919 1591 963 Monstra,&

134 968 272 1007 Indica
306 969 526 1023 Conchylia
554 971 654 1011 alere
671 1001 682 1016 ‚
712 987 813 1026 quae
841 987 945 1013 nunc
962 974 1142 1014 Oceanus
1159 975 1254 1020 alit,
1286 990 1406 1030 quum
1435 987 1592 1031 tempo-

134 1025 238 1064 ribus
269 1023 342 1064 illis
373 1026 499 1065 Maria
526 1025 654 1066 nostra
673 1040 839 1083 propter
870 1030 1167 1083 amplitudinem
1186 1060 1195 1074 ,
1225 1032 1593 1088 &profunditatem

135 1093 226 1119 cum
241 1082 404 1120 Oceano
434 1082 518 1134 ipso
541 1081 658 1122 effent
682 1087 954 1138 comparanda
971 1114 979 1121 -
1010 1087 1145 1138 Qare
1163 1091 1377 1130 auctoritas
1394 1090 1499 1130 Sacri
1512 1093 1598 1131 Co-

137 1135 234 1175 dicis
263 1150 341 1176 una
372 1151 463 1176 cum
495 1137 677 1179 consensu
703 1143 886 1181 omniurn
919 1142 998 1183 fere
1015 1144 1203 1184 Gentium
1223 1173 1232 1186 ‚
1262 1147 1305 1184 ὃς
1326 1146 1497 1184 Marium
1527 1161 1596 1188 no-

136 1189 301 1231 strorum
334 1196 486 1233 novitas
504 1197 622 1248 magis
641 1211 702 1237 me
719 1209 881 1239 movent
908 1200 1089 1238 utdIcam
1113 1227 1123 1241 ,
1142 1201 1305 1239 marinas
1324 1198 1406 1239 istas
1437 1205 1593 1244 exuvias

137 1260 159 1285 a
174 1246 382 1286 Noachico
397 1249 647 1304 Cataclysrno
665 1254 764 1292 inter
785 1253 901 1292 strata
910 1256 1109 1293 Montium
1128 1254 1346 1295 nostrorum
1362 1258 1422 1296 uti
1437 1258 1480 1296 &
1498 1259 1597 1300 alio-

135 1317 223 1343 rum
239 1305 415 1343 omnium
434 1305 537 1346 fuisse
553 1306 682 1347 delata
700 1336 710 1350 ,
743 1310 849 1362 quod
873 1323 952 1363 quo
969 1313 1087 1365 pacto
1099 1310 1186 1351 fieri
1202 1311 1386 1366 potuisset
1403 1341 1413 1356 ‚
1442 1313 1596 1358 Wood-

136 1359 291 1400 Wardus
310 1388 318 1402 ‚
351 1363 591 1416 Bourguetus
608 1391 617 1404 ,
653 1365 824 1405 Montius
842 1394 852 1408 ,
888 1365 1027 1420 aliique
1045 1395 1055 1409 ‚
1085 1370 1153 1422 qui
1164 1369 1268 1409 hanc
1285 1371 1536 1425 provinciam
1553 1374 1597 1414 il-

137 1413 370 1456 lustrandam
395 1415 460 1457 fibi
475 1417 686 1459 sumserunt
703 1448 713 1463 ‚
746 1420 829 1461 sunt
858 1421 1111 1469 consulendi,
1136 1439 1381 1480 >quamquam
1399 1441 1472 1480 ego
1490 1432 1599 1481 peni..

136 1481 197 1509 tus
227 1485 306 1511 non
338 1476 499 1527 probem
520 1503 528 1516 ‚
558 1489 657 1528 quae
673 1476 720 1516 de
737 1479 892 1531 gurgite
909 1478 980 1519 illo
996 1479 1105 1522 vasto
1123 1509 1134 1525 ‚
1163 1481 1228 1523 seu
1255 1484 1304 1525 de
1333 1497 1524 1540 aquarum
1548 1503 1597 1528 α·

136 1525 243 1578 bysso
261 1529 301 1566 in
315 1531 466 1569 Centro
481 1530 626 1569 Terrae
643 1532 776 1570 locato
795 1534 1002 1573 traduntur
1016 1562 1024 1570 .

483 1646 1254 1698 ANACEPHALAEOSIS.

142 1745 228 1835 T
249 1749 403 1789 Andem
442 1760 486 1790 ut
502 1751 588 1791 vela
620 1754 913 1805 quodammodo
938 1757 1120 1798 sermonis
1147 1759 1266 1801 nostri
1292 1765 1565 1808 contrahamus
1581 1796 1592 1812 ,

261 1815 374 1857 atque
400 1815 450 1842 >ut
476 1809 608 1845 omnia
627 1834 636 1847 ‚
667 1822 765 1860 quae
796 1812 834 1847 in
858 1811 935 1850 hoc
954 1813 1171 1865 Specirnine
1198 1817 1246 1856 de
1272 1818 1389 1858 Aestu
1419 1824 1594 1877 recipro-

137 1876 188 1901 co
217 1861 412 1902 diximus,
436 1861 476 1898 in
512 1875 632 1900 unum
664 1864 956 1909 conducamus,
995 1882 1044 1908 ex
1076 1869 1188 1911 dietis
1229 1885 1298 1925 per
1338 1876 1586 1919 universum,

137 1916 297 1955 Librum
328 1928 410 1954 tum
433 1917 471 1954 in
485 1915 817 1972 Propofitionibus
838 1948 847 1963 ‚
874 1932 958 1961 tum
976 1925 1015 1964 in
1031 1925 1192 1966 Scholiis
1211 1930 1452 1973 concludere
1472 1932 1566 1976 licet
1582 1967 1593 1982 ,

134 1971 298 2011 Fluxum
322 1972 364 2009 &
387 1970 599 2013 Refluxum
625 1975 674 2014 ad
691 1976 817 2016 Littus
843 1978 1014 2021 nostrum
1045 1981 1115 2023 effe
1144 1997 1376 2039 perpetuum
1395 2016 1404 2030 ‚
1443 1991 1486 2033 ὃς
1515 1993 1592 2033 diei

138 2027 320 2067 naturalis
334 2025 457 2081 spatio
486 2040 692 2085 utrumque
723 2034 780 2073 bis
817 2038 1070 2091 contingere·
1106 2041 1299 2093 Majorem
1316 2055 1444 2085 tamen
1463 2047 1589 2101 ipsum

138 2082 208 2123 esse
248 2085 285 2123 in
324 2084 544 2127 Noviluniis
573 2088 617 2127 &
644 2087 867 2131 Pleniluniis
902 2093 1127 2146 praesertim
1157 2100 1274 2138 tertia
1314 2100 1377 2140 die
1407 2102 1492 2155 post
1521 2104 1589 2145 has

139 2140 466 2193 Conjuncstiones.
499 2144 569 2183 Sed
600 2144 730 2185 adhue
762 2151 950 2200 majorem
988 2150 1058 2192 effe
1084 2167 1129 2192 ea
1165 2155 1273 2196 Luna
1309 2171 1410 2199 nova
1456 2159 1589 2214 plena-

141 2209 214 2250 que
232 2224 242 2238 ,
271 2211 368 2251 quae
385 2199 550 2240 Solstitia
582 2203 624 2241 &
640 2204 904 2257 Aequinocstia
920 2210 1099 2260 proxime
1124 2209 1292 2265 sequitur
1311 2241 1321 2256 ‚
1354 2215 1472 2269 idque
1496 2216 1593 2258 sem-

140 2267 208 2306 per
239 2255 353 2293 tertia
382 2257 468 2299 die,
496 2272 733 2313 quamquam
762 2259 838 2314 ipse
856 2263 1114 2306 Solstitiorum
1132 2295 1140 2308 ‚
1173 2268 1589 2324 &Aequiiiocstiorum

142 2308 218 2348 dies
251 2310 303 2349 nil
337 2326 404 2364 per
434 2311 469 2354 se
499 2314 697 2356 ostendat.
723 2316 847 2358 Hosce
872 2316 995 2360 fluxus
1024 2323 1066 2361 ὃς
1096 2321 1261 2365 refluxus
1296 2341 1374 2367 non
1405 2342 1589 2370 accurate

143 2361 205 2404 sex
233 2365 335 2406 horis
368 2372 588 2418 contineri,
616 2371 678 2414 sed
708 2371 861 2428 fingulis
896 2377 1026 2419 diebus
1055 2379 1221 2421 Fluxum
1253 2396 1400 2427 unum,
1432 2384 1587 2441 ejusque

1535 2457 1590 2484 ΓΕ·

179 2498 217 2529 (a)
240 2500 283 2529 Dc
303 2501 474 2532 M'onwm'tzto
496 2506 649 2537 Dilum‘mo
671 2509 772 2545 Ds'fflv‘t.
785 2513 845 2540 edis.
863 2522 934 2545 1719.
