2125 2915
387 219 1224 265 AESTVSMARITIMI
1487 228 1531 261 82:

86 323 156 376 git.
189 315 444 365 27.l.4-¹;·&
480 315 504 354 l.
524 327 558 365 ς.
591 314 770 370 pervenit
796 340 804 349 -
834 313 963 365 Major
995 313 1091 352 item
1123 308 1292 350 altitudo
1325 307 1541 348 Barometri

88 377 260 430 contigit
290 373 368 413 hoc
398 385 502 411 anno
535 399 545 413 ‚
592 385 671 424 quo
700 370 795 410 haec
834 368 1031 409 scribimus
1072 377 1427 406 eloloccxxxvm-
1461 364 1544 405 No-

88 436 144 474 nis
176 430 389 471 Februariis
421 458 430 471 ,
462 441 561 481 quae
590 427 665 467 fuit
697 426 745 466 ad
774 427 885 479 digit.
920 424 1029 466 28.1.
1050 437 1070 472 9
1089 424 1116 471 32-
1135 425 1200 466 Sw
1234 421 1352 464 fiante
1381 422 1424 461 ἃ
1453 420 1544 462 sere-

90 504 141 529 no
171 486 294 527 Caelo
324 513 332 521 ·
378 485 480 524 Item
519 498 552 523 a·
594 484 632 523 d.
673 495 772 522 xnr.
813 481 898 522 Cal·
939 482 1057 521 Mart·
1098 481 1210 533 hujus
1239 480 1330 519 anni
1360 491 1548 518 CIODCC-

93 556 280 585 xxxvnx.
314 543 363 582 ad
394 540 571 581 eamdem
609 538 860 580 altitudinem
901 536 976 577 fuit
1004 567 1015 582 ‚
1061 537 1109 576 ad
1141 551 1259 591 quam
1291 536 1447 589 quidem
1480 550 1548 590 per

91 598 308 643 universum
332 598 409 638 hoc
441 597 749 651 quinquennium
779 608 992 648 numquam
1027 603 1260 649 pervenerat
1278 619 1286 628 ·
1321 590 1457 646 Elapso
1474 594 1551 632 De·

92 657 239 699 cembri
276 656 367 695 anni
411 664 758 694 cmroccxxxvn·
795 666 826 691 a.
868 651 905 690 d.
943 663 1048 691 xv11.
1091 649 1174 689 Cal.
1216 650 1371 700 Januar-
1402 647 1551 688 Altitu-

93 715 146 755 do
178 713 395 753 Barometri
421 723 603 764 tempore
631 721 793 762 magnae
824 707 925 748 illius
957 708 1133 747 Aurorae
1151 705 1320 745 Borealis
1340 703 1413 744 fuit
1430 705 1478 744 ad
1495 705 1553 744 di·-

95 772 202 824 gitos
228 775 292 810 28·
327 768 354 807 l.
372 784 408 815 7·
437 769 492 807 ita
522 768 571 808 ad
600 767 776 806 eamdem
801 764 1051 804 altitudinem
1084 762 1160 818 fere
1190 761 1345 802 steterat
1375 775 1444 815 per
1475 761 1555 802 dies

97 827 247 879 aliquot
265 835 357 863 ante
373 825 415 862 &
432 821 517 877 post
532 826 728 862 Auroram
746 820 853 859 illam
871 852 878 859 .

157 882 358 920 Notitiam
379 890 561 918 motuum
574 877 867 918 Thermometri
883 877 1156 931 praetermitto
1173 907 1183 922 ‚
1213 890 1332 931 quum
1349 882 1462 916 antea
1477 873 1559 915 usus

99 937 238 978 fuerim
266 934 578 974 Thermometris
610 933 843 974 Florentinis
860 961 869 976 ‚
895 935 938 973 ὃς
960 934 1264 974 Amontonianis
1280 961 1291 977 ‚
1316 946 1414 987 quae
1430 931 1561 972 multis

101 991 360 1033 incommodis
383 992 426 1029 ὃς
443 988 805 1035 difficultatibus,ut
821 988 1419 1036 docetMusclienbroekius,st1nt
1436 991 1561 1030 obno-

99 1051 163 1089 xia
191 1052 247 1097 (a)
263 1075 276 1084 ·<
290 1046 448 1088 Addam
466 1055 597 1086 tamen
612 1076 622 1090 ,
637 1048 828 1098 majorem
845 1046 1014 1087 calorem
1030 1060 1102 1101 per
1125 1048 1202 1088 hoc
1220 1047 1528 1102 quinquennium
1545 1073 1555 1087 ‚

99 1116 144 1144 ut
169 1119 243 1158 ego
272 1103 431 1156 quidem
450 1116 499 1142 ex
519 1102 836 1143 antecedentibus
861 1105 1090 1156 conjectura
1105 1104 1229 1145 ducor
1245 1134 1255 1151 ‚
1280 1103 1389 1144 fuiffe
1405 1103 1482 1142 hoc
1499 1116 1562 1140 an-

105 1176 158 1200 no
210 1171 574 1199 croioccxxxvlu.
625 1159 796 1210 Qintili
840 1161 883 1200 ὃς
927 1161 1060 1201 Sextili
1105 1160 1234 1201 Menfie
1268 1187 1279 1202 ‚
1333 1173 1422 1199 nam
1468 1167 1562 1197 tunc

104 1217 381 1270 Hydrargyrus
398 1212 691 1256 Thermometri
705 1219 815 1268 juxta
828 1216 1058 1256 methodum
1077 1217 1163 1255 Islei
1179 1214 1393 1255 construdti
1414 1243 1425 1258 ‚
1456 1212 1564 1268 quod

104 1272 201 1313 mihi
234 1272 342 1311 dono
368 1270 523 1311 miserat
541 1275 611 1313 Vir
627 1269 900 1312 Illustriffimus
928 1272 1126 1312 Antonius
1156 1272 1368 1326 Leprottus
1398 1270 1565 1311 Archia-

105 1339 163 1369 ter
180 1324 407 1368 Pontificius
427 1327 499 1370 ‚ad
525 1329 776 1368 altitudinem
792 1330 965 1383 partium
982 1335 1025 1381 83
1056 1342 1125 1384 per
1156 1329 1297 1382 plureis
1320 1328 1400 1369 dies
1431 1326 1536 1368 stetit
1554 1354 1563 1363 ·

167 1384 392 1425 Declinatio
410 1385 603 1439 Magnetis
621 1384 674 1425 est
690 1387 758 1424 Gr.
776 1397 835 1436 13-
852 1385 928 1432 40'-
947 1385 997 1425 ad
1011 1385 1076 1425 W.
1092 1396 1138 1426 ut
1154 1385 1276 1426 modo
1295 1383 1378 1441 ipso
1395 1384 1566 1426 brumali

109 1443 169 1482 die
195 1441 305 1493 hujus
337 1442 428 1481 anni
459 1455 592 1481 molo(
606 1454 823 1482 cxxxv111.
855 1457 932 1483 una
957 1456 1049 1483 cum
1072 1441 1184 1483 Cella
1213 1456 1262 1483 ex
1291 1441 1467 1497 pluribus
1496 1441 1569 1496 Py-

107 1498 258 1538 xidibus
275 1499 454 1539 Nauticis
487 1500 525 1537 in
542 1500 761 1538 Meridiana
778 1500 898 1539 Linea
927 1500 1132 1540 collocatis
1162 1499 1421 1552 cognovimus
1439 1525 1448 1534 .

168 1555 381 1592 Vulturnus
411 1554 561 1591 Ventus
594 1580 602 1595 ,
634 1552 695 1591 seu
721 1554 784 1590 SE·
814 1564 900 1592 tota
917 1553 1071 1594 Aestate
1101 1555 1214 1594 nobis
1244 1554 1297 1594 est
1329 1567 1567 1609 perpetuus,

116 1607 178 1647 seu
205 1608 422 1662 periodicus
440 1634 449 1648 ‚
482 1606 546 1647 nisi
573 1608 702 1660 aliqua
717 1608 896 1648 Procella
924 1608 1079 1663 surgat,
1108 1623 1207 1661 quae
1234 1608 1359 1663 ipsum
1383 1612 1574 1652 intertur-

115 1666 183 1704 bet
203 1691 211 1699 .
242 1662 351 1704 Flare
368 1665 508 1717 incipit
524 1666 630 1703 circa
642 1664 846 1704 Meridiem
863 1692 871 1708 ‚
898 1666 941 1703 ὃς
956 1663 1092 1705 definit
1106 1665 1328 1705 Occidente
1346 1668 1433 1706 Sole
1449 1695 1460 1710 ‚
1477 1682 1574 1721 qua-

114 1734 152 1759 re
178 1718 334 1759 Aestate
351 1717 504 1772 singulis
521 1719 654 1759 diebus
687 1720 730 1759 &
755 1719 858 1760 fiatis
887 1721 993 1761 horis
1025 1722 1179 1775 navigia
1209 1735 1257 1762 ex
1283 1722 1408 1762 Portu
1438 1722 1571 1763 nostro

115 1775 262 1818 solvere
288 1774 456 1829 possunt,
473 1777 515 1815 &
537 1778 720 1815 Venetias
736 1778 972 1816 contendere
989 1804 996 1813 .
1013 1777 1152 1818 Hieme
1168 1792 1263 1819 vero
1287 1777 1372 1818 heic
1403 1779 1574 1834 plerum-

118 1846 194 1886 que
211 1831 368 1872 Africus
384 1860 393 1874 ,
427 1830 485 1869 seu
502 1833 567 1872 Sw
584 1829 700 1884 spirat
716 1860 725 1869 .
757 1832 901 1871 Verum
920 1832 1015 1871 haec
1039 1846 1165 1886 pauca
1193 1833 1241 1874 de
1272 1835 1459 1875 Meteoris
1490 1850 1575 1875 orn-

115 1891 227 1928 nibus
242 1914 253 1928 ,
277 1898 376 1939 quae
407 1885 455 1925 ad
485 1900 542 1925 res
559 1887 729 1927 Marinas
761 1886 896 1942 aliquo
912 1891 1032 1944 padto
1048 1891 1251 1943 pertinent
1267 1918 1277 1934 ‚
1295 1904 1370 1945 pro
1400 1890 1574 1946 praesen-

117 1946 145 1984 ti
176 1943 392 1999 Specimine
421 1940 493 1983 sint
521 1940 632 1983 satis.

661 2150 1044 2194 FINIS.

920 2433 951 2471 L
1495 2436 1580 2478 An-

159 2519 197 2548 (a)
217 2517 344 2547 Elemene.
357 2518 458 2559 Phfl‘t'c.
473 2523 495 2553 §.
514 2529 569 2553 527.
584 2521 609 2550 ὅ·
624 2521 774 2551 Τι’κιιαιηίη.
790 2522 868 2559 Exfci
878 2523 964 2551 imeae
978 2523 1106 2553 Anaxi-'sm
1149 2535 1158 2553 ’,
1176 2536 1232 2561 'sag
1248 2538 1271 2558 ρ.
