2125 2915
0 318 7 388 l

0 394 6 418 l

1482 213 1553 241 121

556 286 907 330 TABVLA
980 286 1062 325 ΙΙ.

105 406 173 486 F
190 402 297 441 10.1.
316 400 363 439 A·
379 398 586 440 Conchula
604 401 765 440 minima
781 401 887 438 arae
903 399 941 437 in
959 396 994 438 se
1020 405 1209 437 contorta
1240 392 1447 435 Concham
1475 395 1554 436 Ve-

206 468 360 496 neream
389 455 551 497 referens
581 456 742 496 Littoris
759 452 1008 493 Ariminenfis
1035 455 1078 492 &
1094 449 1336 493 Liburnenfis
1362 463 1548 504 cap x1v.

219 510 415 564 descripta
432 544 439 550 .
458 514 497 551 B.
515 515 557 553 ὃς
572 514 621 552 D.
640 511 782 551 Eadem
798 524 846 550 ex
863 521 1029 562 utraque
1047 521 1161 562 parte
1178 510 1284 548 vitro
1301 509 1416 546 auehi
1435 537 1442 545 .

105 571 185 624 Fig-
203 569 254 608 Π.
269 567 321 608 est
334 569 511 608 Dentalis
528 597 537 611 ,
564 566 625 608 seu
641 567 791 607 Antalis
816 567 998 606 minimus
1017 567 1065 605 A.
1083 567 1246 605 Littoris
1265 561 1513 604 Ariminenfis
1533 591 1539 598 -

226 624 290 665 Ad
307 625 346 663 B.
365 626 407 664 &
422 627 469 665 C.
489 626 600 665 Idem
626 638 675 665 ex
693 634 857 676 utraque
877 632 990 676 parte
1003 622 1111 661 vitro
1129 623 1265 660 audims
1287 651 1293 659 .

113 682 193 735 Fig.
209 681 278 721 III.
307 679 359 720 est
386 683 521 721 Cornu
538 681 768 720 Hammonis
797 680 971 718 ereetum
995 675 1187 730 globofius
1204 705 1214 720 ‚
1233 676 1296 717 seu
1311 675 1554 716 Orthoceras

222 752 255 777 c-
268 735 625 791 1x.descripturn.E.
641 737 684 774 &
701 735 737 773 F.
754 735 859 775 idern
875 748 923 774 ex
940 744 1106 787 utraque
1124 744 1237 787 parte
1256 734 1362 773 vitro
1380 734 1556 772 aucstum.

112 794 191 847 Fig.
210 795 278 833 lv.
305 795 354 832 D.
372 796 410 832 E.
426 795 463 832 F.
496 794 595 831 Sunt
609 806 779 845 corpora
807 789 980 830 rotunda
1009 791 1172 829 minima
1187 785 1456 841 vulgatiffima
1476 789 1558 827 Lit-

221 851 317 888 toris
342 846 590 888 Ariminenfis
609 876 616 883 .
650 848 831 899 Qorum
849 847 1021 900 primum
1039 846 1086 884 A.
1114 844 1166 886 est
1181 847 1221 885 in
1238 845 1336 885 statu
1351 843 1529 884 naturali
1548 875 1555 882 .

219 905 392 958 Reliqua
408 907 489 944 duo
506 907 543 943 F.
561 906 598 942 E.
618 905 722 944 vitro
747 904 860 943 auita
880 932 887 938 .

113 962 193 1013 Fig.
207 961 296 1000 VII.
313 963 361 1000 G.
379 962 429 1001 H.
447 961 477 998 I.
495 961 538 999 L.
555 961 651 999 Sunt
667 961 848 1012 Corpora
867 957 1020 999 ωὀειδῗῖ.
1039 971 1195 1013 pagno.
1214 973 1324 1000 n.11·
1341 955 1536 1011 descripta
1551 984 1558 991 0

108 1016 187 1069 Fig-
220 1018 270 1057 V.
301 1016 351 1056 H.
375 1018 423 1056 G.
450 1017 480 1056 Ι.
502 1017 600 1056 Sunt
629 1018 725 1056 Nux
748 1017 896 1056 marina
919 1018 1079 1057 minima.
1102 1017 1269 1056 Littoris
1304 1010 1559 1056 Ariminenfis

220 1087 307 1127 cap.
325 1086 410 1114 XIV·
427 1071 621 1127 descripta
639 1099 647 1109 .
665 1071 716 1111 H.
740 1073 781 1113 in
797 1072 896 1112 statu
911 1072 1102 1114 naturali.
1134 1074 1183 1112 G.
1202 1073 1245 1112 ὃ(
1262 1074 1299 1112 1.
1323 1084 1374 1111 ex
1392 1079 1557 1122 utraque

226 1141 337 1183 parte
354 1131 459 1169 vitro
473 1131 587 1168 auehe
606 1156 613 1164 -

109 1186 188 1238 Fig.
205 1186 269 1224 VI.
287 1186 334 1223 G.
353 1184 389 1222 H
420 1187 449 1224 Ι.
467 1183 518 1225 est
533 1184 742 1225 Conchula
770 1187 931 1226 minima
960 1185 1087 1226 semen
1119 1185 1219 1223 milii
1236 1183 1404 1222 referens
1430 1195 1463 1220 c.
1489 1195 1556 1221 xv.

220 1239 416 1294 descripta
431 1243 480 1282 G.
508 1242 547 1280 in
562 1240 662 1281 statu
677 1242 847 1281 naturali
872 1242 921 1280 H.
939 1242 981 1280 δε
996 1243 1026 1280 I.
1049 1255 1099 1280 ex
1125 1250 1290 1292 utraque
1312 1248 1425 1292 parte
1452 1239 1558 1278 vitro

222 1299 340 1336 aucoca
358 1324 366 1331 -

109 1351 307 1447 Fig-Vllg.
326 1353 368 1391 L.
388 1355 444 1392 M.
460 1352 547 1392 sunt
563 1353 764 1393 Buccinuli
779 1353 909 1396 olivae
925 1354 1108 1394 nucleum
1126 1353 1364 1394 aemulantes
1380 1364 1414 1390 c-
1428 1362 1558 1391 xv111-

221 1409 269 1449 de
286 1410 342 1448 cri
376 1411 405 1448 ti
426 1441 433 1447 .

106 1464 186 1517 Fig.
213 1465 258 1503 X.
275 1466 331 1505 M.
348 1424 398 1505 131.
417 1467 466 1504 O.
496 1464 549 1505 est
581 1465 715 1504 Semen
744 1465 1000 1517 Thymilaeae
1031 1468 1119 1506 Lini
1137 1465 1235 1506 folio
1257 1466 1367 1505 Vvae
1396 1464 1556 1505 acinum

222 1520 387 1560 referens
412 1535 434 1558 a
449 1520 623 1558 Conchis
649 1520 958 1572 expungendum
976 1551 984 1558 .

110 1575 186 1627 Fig.
205 1575 273 1612 IX.
288 1573 341 1613 est
357 1575 533 1628 Fungites
551 1603 560 1618 ‚
591 1572 653 1613 seu
666 1573 962 1628 Caryophyllus
980 1577 1161 1615 minimus
1178 1574 1399 1616 Tubulosus
1434 1590 1467 1615 c.
1488 1589 1555 1616 xx.

229 1628 442 1684 descriptus
461 1631 533 1671 .0.
551 1631 595 1671 ὃς
610 1630 653 1668 P.
676 1643 724 1670 ex
741 1639 910 1684 utroque
930 1630 1052 1672 latere
1070 1633 1176 1672 vitro
1191 1633 1325 1670 aucstus
1345 1659 1352 1666 .

550 1742 909 1784 TABVLA
982 1746 1111 1784 111.

111 1859 181 1942 F
198 1856 262 1893 Ic.
293 1857 322 1893 Ι.
341 1855 389 1893 Α-
409 1855 447 1893 Β.
465 1856 510 1892 C.
544 1855 641 1893 Sunt
664 1854 867 1908 Opercula
882 1857 990 1895 varia
1015 1856 1223 1896 cochleata
1251 1857 1415 1895 Cornua
1437 1859 1561 1898 Ham-

212 1913 336 1951 monis
366 1910 664 1962 quodammodo
693 1909 900 1951 referentia.
916 1924 1003 1964 cap.
1022 1926 1086 1951 XI.
1103 1910 1299 1965 descripta
1315 1942 1323 1950 .

108 1970 189 2022 Fig.
208 1968 255 2006 ΙΙ.
274 1968 312 2006 D
342 1965 394 2007 est
409 1967 515 2007 aliud
539 1965 783 2021 Operculurn
802 1980 882 2006 non
899 1968 1149 2008 cochleatum
1168 1996 1175 2004 .
1207 1970 1245 2009 E.
1261 1969 1304 2007 δε
1322 1970 1368 2007 C.
1386 1967 1439 2008 est
1454 1971 1559 2011 idern

227 2037 276 2063 ex
301 2034 463 2077 utraque
480 2034 592 2077 parte
610 2024 714 2064 vitro
732 2024 892 2063 auctum
912 2052 919 2059 .

112 2081 190 2134 Fig.
209 2081 278 2120 lv.
299 2083 348 2121 A.
371 2079 424 2120 est
448 2081 602 2121 Tellina
619 2077 775 2119 fasciata
806 2078 978 2134 depreffa
1002 2078 1123 2121 fasciis
1152 2081 1284 2123 laeteis
1316 2083 1475 2124 &intus
1493 2085 1561 2126 fla-

225 2152 274 2178 va
298 2152 383 2192 cap.
404 2152 495 2178 xxv.
527 2134 747 2191 descripta;
776 2134 838 2176 sed
863 2152 944 2177 non
977 2135 1064 2177 satis
1081 2139 1177 2178 bene
1208 2141 1257 2179 ab
1275 2140 1472 2193 Operibus
1491 2157 1559 2182 no-

229 2193 310 2232 stris
328 2194 501 2248 exprefl'a
521 2223 531 2237 ‚
567 2194 690 2247 magis
717 2194 821 2233 enim
851 2194 1109 2248 complanata
1127 2194 1179 2235 est
1196 2227 1205 2241 ,
1237 2209 1356 2249 quam
1373 2197 1459 2237 heic
1490 2212 1559 2252 ap-

225 2262 361 2304 pareat
384 2279 391 2286 .

116 2308 193 2359 Fssg.
212 2307 258 2345 V·
279 2307 315 2344 B.
335 2307 388 2344 M·
413 2306 465 2347 est
481 2308 593 2348 Solen
624 2307 767 2348 femina
792 2307 930 2354 Plinii,
961 2309 1208 2351 &Athenaei
1243 2324 1329 2364 cap.
1357 2325 1478 2351 xxv1.
1496 2312 1561 2352 de-

225 2361 369 2416 scripta
386 2391 393 2398 ·
428 2365 489 2404 Ad
509 2367 562 2405 M·
583 2364 635 2404 est
650 2371 728 2418 ejus
744 2365 865 2405 cardo
885 2395 892 2407 ‚
911 2369 1034 2421 quiin
1050 2368 1181 2409 medio
1198 2368 1386 2407 Conchae
1406 2367 1458 2406 est
1476 2401 1484 2409 .
1501 2370 1548 2408 C.

223 2418 276 2460 est
293 2419 432 2459 eadem
453 2422 574 2464 altera
602 2433 713 2479 parte
734 2422 906 2477 express]
929 2451 935 2457 -

909 2482 967 2533 Q
1399 2483 1473 2537 Fig
1502 2497 1558 2523 VI.
