2125 2915
539 228 590 268 96
773 196 775 198 ¹
876 228 1249 272 APPENnix
1295 231 1653 276 SECVNDA.

512 326 516 329 .
531 348 1948 390 WQWQQQQQQQQWQQQQQ

861 425 925 484 C
966 426 1035 486 A
1079 427 1122 485 P
1168 427 1236 490 V
1283 428 1342 488 T
1448 432 1651 493 1111.

744 551 930 593 BALANVS
963 566 1310 597 CONFERTISSIMVS
1341 569 1485 598 MINOR
1517 572 1789 602 COMPRESSVS·

525 641 618 730 A
636 643 675 682 D
702 643 975 707 Polystachyas
990 681 1000 696 ,
1030 648 1091 691 seu
1107 650 1156 691 ad
1172 651 1403 707 Polyvalvas
1420 684 1430 698 ‚
1445 665 1514 694 aut
1530 654 1580 695 ad
1595 655 1868 697 Cancelliferas
1886 659 1992 698 Con-

570 760 577 766 ·
649 699 738 765 chas
766 702 959 748 referendi
993 706 1078 748 sunt
1101 709 1323 753 &Balani,
1355 709 1584 765 praesertim
1614 712 1655 752 hi
1685 712 1889 768 compressi
1907 742 1918 756 ‚
1949 716 1994 755 δε

524 768 679 798 mltrafl
712 789 721 800 ,
754 758 815 799 sed
847 765 895 804 ad
925 764 1201 819 Polystachyas
1247 768 1366 806 etiam
1410 766 1603 809 referendi
1647 767 1733 809 sunt
1763 770 1895 810 Balani
1936 770 1993 810 illi

528 813 813 878 ᾅακτυλοείθεῖς
830 850 839 863 ,
870 824 938 875 qui
955 823 993 861 in
1010 820 1107 861 saxis
1122 821 1356 862 delitescunt
1373 851 1382 865 ‚
1414 837 1504 863 nam
1534 827 1575 864 in
1592 824 1710 866 dorso
1745 826 1838 865 duas
1863 837 1992 880 partes

524 877 717 930 separatas
749 877 942 932 ellipticas
973 889 1145 933 gerunt,
1177 880 1317 932 quibus
1349 878 1504 920 fortasse
1533 880 1670 921 melius
1715 881 1991 926 dimoventur.

523 942 567 971 ut
590 931 678 972 saxa
708 935 1006 987 perterebrent.
1037 936 1137 976 Heic
1154 936 1259 976 addo
1291 933 1459 991 figuram
1489 937 1601 990 hujus
1619 937 1752 978 Balani
1784 936 1990 993 compreffi

520 990 684 1029 minoris
702 1018 712 1033 ‚
743 991 1102 1036 &confertiffimi‚
1133 1002 1177 1032 ut
1193 1006 1375 1033 cernatur
1396 1008 1460 1033 eos
1487 993 1558 1034 effe
1588 1009 1723 1035 revera
1740 994 1989 1049 compressos,

519 1044 725 1100 &figurae
756 1046 997 1102 sphaeroidis
1015 1080 1024 1095 ,
1056 1052 1098 1090 &
1119 1064 1197 1090 non
1214 1049 1284 1091 esse
1315 1051 1475 1090 conicos
1492 1079 1502 1093 ‚
1529 1048 1591 1091 seu
1620 1051 1881 1106 pyramidales
1899 1082 1910 1098 ,
1943 1063 1991 1091 ut

519 1100 605 1141 sunt
629 1103 713 1149 illi,
743 1120 839 1159 quos
859 1107 995 1161 Fabius
1011 1106 1209 1147 Columna
1239 1109 1278 1147 in
1307 1106 1587 1161 Phytobasano
1617 1123 1640 1147 a
1661 1122 1723 1148 me
1753 1106 1888 1148 recuso
1912 1107 1992 1149 Ta-

517 1157 611 1199 bula
629 1162 754 1201 XXX.
784 1163 966 1217 depinxit
990 1193 997 1201 .
1031 1164 1120 1205 Hoc
1150 1179 1172 1204 a
1197 1179 1260 1205 me
1291 1163 1438 1205 factum
1469 1164 1521 1203 est
1550 1165 1590 1203 in
1620 1163 1831 1218 quemdam
1862 1192 1872 1208 ‚
1921 1165 1990 1217 qui

521 1216 687 1256 Balanos
718 1216 805 1257 istos
835 1219 1137 1261 confertisfimos
1156 1249 1165 1262 ‚
1197 1223 1264 1275 qui
1297 1221 1408 1274 lignis
1428 1249 1438 1263 ‚
1466 1221 1509 1260 &
1541 1219 1638 1261 saxis
1668 1218 1789 1260 nostri
1819 1231 1986 1275 portus,

517 1270 579 1312 sed
612 1273 897 1327 frequentiores
928 1278 1104 1316 Veneriis
1133 1280 1251 1317 muris
1277 1307 1286 1322 ‚
1319 1279 1362 1316 ὃς
1392 1276 1489 1329 palis
1516 1277 1714 1316 canalium
1745 1275 1987 1316 inhaerentes

517 1332 794 1385 reperiuntur,
824 1330 1033 1374 confundit
1054 1347 1145 1373 cum
1176 1334 1326 1373 Balanis
1357 1332 1416 1372 illi
1447 1334 1622 1375 comicis,
1654 1330 1716 1371 seu
1733 1331 1988 1386 pyramidali-

517 1387 587 1427 bus
607 1388 853 1435 Columnae,
883 1400 926 1429 ut
943 1387 1053 1430 fufius
1085 1390 1168 1430 dixi
1199 1389 1369 1442 Epistola
1389 1390 1437 1428 ad
1454 1389 1689 1428 Caldanium
1722 1389 1838 1433 data,
1872 1389 1915 1428 ὃς
1946 1389 1986 1428 in

516 1444 791 1497 Ephemeridas
813 1446 1014 1487 Beruenses
1045 1446 1190 1486 relata.
1222 1446 1385 1486 Balanus
1415 1444 1479 1486 hic
1506 1444 1742 1502 compressus
1773 1447 1903 1501 pic‘tus
1921 1460 1986 1489 re·

514 1501 668 1555 peritur
700 1501 798 1542 Tab.
817 1505 862 1543 V.
882 1501 946 1558 fig.
962 1504 1050 1543 XII.

514 1593 1934 1621 WQQQWQQQQQQQQQQQ

597 1799 778 1838 ECHINVS
802 1827 812 1842 ,
844 1810 911 1838 sEv
942 1796 1250 1836 ECHINOMETRA
1283 1808 1489 1836 VVLGARIS
1523 1807 1691 1835 ACVLEIS
1724 1806 1868 1834 NIGRIS
1888 1823 1896 1832 .

507 1891 616 1977 H
633 1893 696 1930 Oc
727 1892 859 1945 capite
876 1904 985 1946 pono
1002 1889 1193 1929 Echinum
1213 1916 1222 1930 ‚
1250 1886 1311 1928 seu
1327 1887 1646 1928 Echinometram
1666 1916 1675 1930 ,
1706 1902 1785 1925 non
1803 1891 1910 1941 quod
1936 1886 1979 1928 fit

645 1946 757 1988 Testa
783 1948 907 1987 minus
925 1956 1019 1987 nota
1035 1974 1044 1988 ‚
1062 1943 1124 1986 sed
1139 1945 1247 2000 quod
1272 1946 1398 1984 minus
1424 1953 1535 1984 notas
1552 1941 1853 1983 Observationes
1872 1946 1979 1984 circa

507 2005 633 2059 ipsam
662 2002 846 2047 fecerim,
881 2005 924 2044 &
956 2001 1184 2059 praesertim
1210 2003 1316 2042 circa
1337 2005 1416 2055 ejus
1451 1999 1656 2041 incessum.
1690 1998 1798 2039 Haec
1816 2030 1826 2045 ,
1858 2014 1976 2053 quam

505 2063 661 2104 Tabula
696 2063 824 2115 prima
854 2063 894 2101 in
910 2061 1144 2116 Appendice
1176 2058 1389 2114 expressam
1420 2057 1473 2098 clo
1504 2055 1571 2098 sub
1603 2056 1733 2097 littera
1766 2058 1813 2096 A.
1847 2056 1899 2096 est
1929 2057 1977 2098 de

507 2134 646 2175 genere
678 2133 816 2159 eorum
845 2118 1109 2163 Echinorum,
1138 2130 1237 2171 quos
1269 2117 1492 2156 Gualterius
1511 2115 1634 2170 Spinis
1661 2142 1670 2157 ,
1704 2113 1763 2155 seu
1790 2113 1946 2154 Aculeis
1964 2143 1974 2159 ‚

507 2192 606 2233 quos
624 2175 852 2217 Claviculos
884 2174 961 2231 ipse
986 2186 1107 2217 vocat
1123 2205 1133 2220 ,
1162 2172 1427 2228 amethystinis
1455 2172 1576 2214 rubris
1595 2202 1604 2216 ‚
1634 2173 1676 2212 ὃ(
1693 2172 1813 2225 nigris
1832 2201 1840 2215 ,
1858 2181 1900 2210 ut
1916 2186 1976 2211 re-

507 2248 598 2276 vera
625 2232 825 2274 interdum
857 2231 945 2272 sunt
960 2233 1149 2275 Liburni,
1183 2232 1277 2271 dum
1309 2232 1393 2271 vivi
1424 2230 1663 2284 capiuntur,
1694 2229 1736 2266 &
1766 2228 1870 2281 apud
1903 2242 1972 2267 nos

506 2306 666 2347 quoque
684 2320 694 2335 ‚
725 2288 787 2330 sed
805 2288 986 2330 exsiccati
1003 2290 1236 2344 plerumque
1266 2286 1491 2344 nigrescunt
1505 2300 1663 2327 omnes.
1698 2283 1904 2326 Dissidium
1922 2283 1975 2325 est

505 2351 610 2389 inter
639 2347 841 2390 Naturalis
871 2347 1065 2388 Historiae
1094 2348 1312 2403 Scriptores
1330 2374 1340 2389 ‚
1372 2344 1579 2400 quomodo
1615 2342 1801 2383 incedant
1833 2343 1974 2381 marini

504 2405 667 2450 Echini;
699 2404 932 2459 plerumque
948 2405 1126 2445 creditur
1152 2420 1217 2446 eos
1238 2403 1420 2444 incedere
1436 2400 1579 2442 aculeis
1611 2400 1682 2440 illis
1702 2430 1711 2445 2
1741 2414 1837 2454 quos
1862 2409 1973 2440 extra

502 2476 644 2517 aquam
670 2463 791 2503 etiam
814 2461 1025 2506 dimovent
1051 2463 1157 2506 vivi,
1192 2463 1234 2502 &
1251 2463 1289 2504 in
1318 2458 1520 2500 lateralem
1544 2469 1699 2513 partem
1724 2455 1750 2498 si
1777 2456 1974 2498 collocen-

1883 2524 1946 2552 tUs
1961 2538 1972 2553 ο
