2145 2910
421 208 1261 253 AESTVSMARITIMI
1510 226 1556 261 57

124 301 279 356 inquiet
316 298 344 341 fi
367 300 434 341 Sol
463 301 504 341 vi
533 300 597 341 sua
628 302 875 342 attractionis
908 301 1033 341 minus
1063 311 1155 355 agat
1186 301 1225 338 in
1262 296 1379 353 aquas
1418 300 1561 344 maris,

122 371 245 413 quum
283 358 470 397 attractio
507 358 591 411 lege
622 358 689 398 illa
720 357 951 411 pervulgata
981 357 1265 410 quadratorum
1295 353 1561 395 distantiarum

122 415 374 453 contineatur
392 444 400 452 .
431 413 689 468 Qapropter
717 413 939 453 inconcussa
961 413 1088 453 adhuc
1105 413 1277 452 manebit
1293 413 1480 452 attractio
1496 410 1563 451 illa

126 467 222 509 Solis‘
248 472 520 511 Newtoniana
538 497 546 506 .
579 472 727 510 Verum
745 469 911 509 instituti
940 468 1057 509 nostri
1088 482 1278 509 memores
1307 467 1401 508 haec
1433 469 1565 507 mitta-

127 539 210 564 mus
229 555 237 569 ,
268 539 368 579 quae
396 526 546 566 altioris
579 525 666 566 sunt
697 527 884 578 indaginis
903 553 912 567 ,
942 540 1058 578 quam
1073 524 1159 564 heic
1178 521 1321 577 possint
1346 523 1562 578 explicari.

127 579 325 622 Postremo
354 582 505 622 adnoto
523 592 677 622 tantum
695 610 704 624 ,
735 582 841 633 quod
859 582 908 620 ad
925 595 1006 620 rem
1025 580 1191 620 nostram
1208 581 1381 633 pertinet
1398 609 1407 624 ,
1437 579 1567 619 altitu-

126 636 258 676 dinem
290 636 409 678 nostri
424 638 543 678 Maris
567 640 707 679 Hieme
739 639 841 677 Pede
867 634 1098 676 Ariminensi
1128 638 1284 675 circiter
1311 634 1486 690 superare
1515 635 1570 675 al-

129 693 340 734 titudinem
353 724 362 738 ,
391 709 491 747 quae
522 696 697 735 cernitur
714 692 868 733 Aestate
886 722 895 728 .
927 694 1062 744 Qare
1079 693 1249 745 Navigia
1266 691 1403 732 Hieme
1425 689 1573 745 semper

132 747 280 788 facilius
314 750 362 789 ad
379 750 542 790 Portum
561 749 736 789 nostrum
762 748 968 802 appellunt
986 779 995 791 ‚
1025 750 1067 787 ὅ(
1084 763 1131 788 ex
1148 748 1231 801 ipso
1246 746 1397 788 solvunt
1414 778 1423 792 ,
1452 762 1572 802 quam

128 803 286 843 Aestate
307 834 313 840 .
331 806 442 844 Mare
462 809 556 844 item
572 805 768 857 sexaginta
784 806 826 843 ὃς
842 804 1007 856 amplius
1026 805 1186 857 pedibus
1202 831 1211 845 ‚
1229 805 1322 843 dum
1340 815 1469 843 cetera
1498 802 1572 844 sint

125 861 235 911 paria
253 889 263 903 ‚
288 861 450 912 propius
479 859 532 899 est
547 861 642 900 Vrbi
666 858 815 898 nostrae
836 859 975 898 Hieme
996 887 1004 900 ‚
1023 874 1140 912 quam
1158 858 1312 899 Aestate
1330 890 1338 897 .
1356 862 1460 899 Dico
1477 860 1571 899 dum

128 925 258 953 cetera
286 912 360 952 sint
390 916 498 968 paria
517 943 527 957 ‚
560 929 650 954 nam
666 914 949 955 observandum
970 916 1079 954 Mare
1094 914 1146 953 est
1161 913 1309 968 semper
1335 915 1493 969 quando
1518 915 1572 956 est

129 969 384 1022 tranquillum
406 999 415 1013 ,
446 972 489 1009 &
518 970 596 1009 hoc
626 981 805 1023 tempore
824 972 1137 1023 comparationes
1158 970 1431 1011 instituendae.
1460 973 1571 1011 Irato

130 1027 235 1064 enim
250 1025 292 1064 &
309 1026 444 1064 Ventis
465 1023 717 1078 fluctibusque
734 1027 887 1080 agitato
905 1040 1044 1080 magna
1059 1027 1285 1081 plerumque
1304 1029 1543 1082 contingunt
1560 1060 1570 1073 ,

128 1079 191 1121 sed
223 1082 371 1120 incerta
388 1079 473 1120 sunt
489 1083 621 1121 omnia
638 1112 646 1121 .

382 1199 1324 1242 PROPOSITIOVII.

129 1308 455 1357 Intumescentia
490 1310 628 1366 major
647 1310 773 1358 Maris
807 1312 861 1357 ad
894 1311 1052 1357 ostium
1093 1313 1260 1356 Portus
1294 1311 1473 1359 Arimini
1492 1329 1580 1361 non

196 1388 362 1436 excedit
399 1391 739 1454 vigintiquinque
776 1393 923 1440 uncias
959 1422 972 1446 ‚
1026 1391 1094 1439 seu
1129 1390 1293 1454 digitos
1333 1392 1579 1442 Ariminen-

195 1468 304 1523 seis,
342 1487 450 1533 quae
494 1471 627 1535 pedes
662 1471 772 1519 duos
805 1489 905 1519 cum
938 1471 1122 1519 dimidio
1157 1471 1457 1520 Ariminenseis
1492 1472 1580 1521 cffi-

199 1550 349 1603 ciunt3
386 1568 521 1614 eaque
551 1568 645 1598 raro
682 1554 901 1614 contingit
921 1582 935 1605 ‚
972 1553 1015 1597 in
1033 1554 1082 1598 iis
1100 1568 1255 1614 nempe
1274 1553 1580 1601 Lunationibus

203 1629 299 1690 post
340 1632 397 1675 So
414 1630 535 1676 lstitia
555 1659 569 1682 ,
605 1633 650 1673 &
669 1632 762 1692 post
789 1632 1074 1693 Aequinoaia
1093 1666 1104 1677 .
1140 1635 1350 1678 Ceterum
1379 1633 1579 1681 Altitudo

133 1699 136 1702 ⁴
205 1724 351 1752 comm
370 1710 499 1761 unis,
535 1711 579 1751 δέ
608 1707 724 1755 velut
755 1709 933 1763 Media,
972 1727 1163 1774 quaeque
1193 1710 1329 1770 major
1364 1712 1421 1756 est
1455 1714 1580 1758 tertia

200 1803 369 1849 quaque
398 1785 467 1832 die
509 1788 604 1849 post
626 1789 860 1833 Novilunia
879 1819 893 1841 ‚
929 1793 974 1833 &
992 1791 1084 1850 post
1103 1789 1335 1837 Plenilunia
1353 1821 1367 1843 ,
1404 1791 1580 1854 quinde-

202 1866 287 1910 cim
324 1867 458 1914 unciis
488 1865 827 1915 Ariminenfibus
845 1866 898 1914 ad
917 1868 1128 1917 summurn
1165 1873 1441 1918 continetur.

531 1990 1178 2033 SCHOLIVMI.

258 2089 320 2128 Eic
343 2093 529 2131 memoria
558 2092 729 2132 recolere
744 2095 854 2144 juvat
869 2121 878 2135 ,
911 2108 1008 2146 quae
1027 2096 1063 2133 in
1081 2091 1227 2133 scholio
1249 2093 1452 2147 superioris
1484 2110 1580 2149 pro-

271 2144 467 2198 positionis
483 2178 493 2193 ,
521 2149 564 2187 &
588 2148 681 2187 alibi
704 2149 870 2188 diximus
888 2180 898 2195 ,
916 2151 1023 2189 Mare
1041 2149 1185 2190 scilicet
1200 2150 1349 2204 duplici
1367 2152 1486 2190 modo
1516 2166 1578 2192 ac-

137 2204 213 2256 cipi
245 2214 425 2256 oportere
442 2231 452 2246 ‚
483 2205 546 2244 vel
565 2216 764 2258 tamquam
782 2219 886 2245 mare
903 2208 1065 2259 proprie
1091 2206 1240 2246 dietum
1261 2237 1268 2249 ,
1301 2208 1360 2247 vel
1379 2217 1576 2263 tamquam

138 2271 318 2310 magnum
332 2260 534 2300 Fluentum
554 2292 562 2299 .
593 2261 726 2312 Qum
757 2262 875 2313 igitur
899 2262 1088 2316 praesenti
1118 2260 1384 2316 propositione
1415 2265 1577 2303 dicimus

138 2313 469 2356 intumescentiam
495 2318 613 2356 Maris
642 2316 761 2357 nostri
798 2319 1112 2373 vigintiquinque
1147 2319 1275 2359 uncias
1306 2319 1575 2359 Ariminenseis

140 2381 217 2407 non
247 2371 455 2417 excedere,
488 2373 526 2412 id
556 2373 705 2412 dietum
721 2373 898 2413 volumus
929 2373 954 2414 fi
983 2376 1318 2429 comparationem
1338 2375 1574 2414 instituamus

140 2425 238 2465 inter
268 2426 598 2469 intumescentium
631 2431 859 2482 Aquarum,
885 2445 984 2484 quae
1015 2433 1210 2484 contingit
1239 2432 1342 2469 circa
1364 2429 1577 2470 Solstitium

1478 2485 1580 2527 aesti-
