2145 2910
619 196 1135 240 PRAEFAT10
1546 213 1592 249 51

163 281 384 339 gnoscendo
401 280 625 323 Aristoteles
644 281 719 337 ipse
736 313 745 326 ,
775 292 819 321 ut
837 280 963 322 ferunt
978 312 990 328 ‚
1017 279 1252 321 occumbere
1284 291 1363 320 non
1380 280 1572 320 dubitarit
1589 297 1597 324 ;

165 354 245 380 non
270 340 376 394 quod
393 337 515 394 reipsa
531 338 641 379 stulte
660 341 697 379 in
714 340 900 391 Euripum
926 336 961 378 se
979 338 1013 378 se
1041 338 1363 394 praecipitaverit
1379 365 1390 380 ,
1419 349 1463 376 ut
1480 335 1598 390 aliqui

165 395 397 450 scripserunt
414 425 424 440 ,
456 394 518 436 sed
537 396 642 448 quod
673 394 829 437 fortaffe
860 395 930 434 tali
947 409 987 434 re
1011 404 1173 435 vexatus
1191 421 1200 435 ,
1232 393 1353 447 longo
1378 392 1504 433 studio
1520 422 1531 437 ‚
1556 394 1598 432 δε

164 453 305 506 vigiliis
330 450 536 495 distentus,
569 451 761 507 profunda
790 450 911 491 veluti
942 451 1192 491 meditatione
1222 448 1442 494 immersus,
1470 464 1511 489 re
1543 450 1601 489 in-

170 508 271 549 fecsta
305 508 461 549 tandem
493 510 628 550 anxius
656 508 799 548 obierit
828 538 835 545 .
878 508 1164 547 Recentiorum
1194 507 1313 560 igitur
1343 505 1600 559 philosopho-

168 580 254 605 rum
280 579 301 603 e
323 579 364 605 re
393 564 446 604 est
476 564 573 605 illud
606 562 791 618 perficere
808 593 818 608 ,
848 573 916 603 aut
931 561 1066 604 saltem
1095 563 1290 619 experiri,
1320 561 1429 617 quod
1445 576 1492 602 ne
1509 564 1599 604 Ari-

166 620 320 662 stoteles
348 620 508 675 quidem
537 620 644 661 ausus
675 620 726 660 est
753 620 960 661 inchoare.

222 678 293 718 Sed
310 689 519 731 antequam
535 691 637 718 meas
652 675 937 732 propositiones
962 690 1121 730 expono
1138 705 1148 720 ,
1175 677 1307 729 aliqua
1324 674 1409 714 heic
1433 673 1517 715 sunt
1533 690 1592 730 ge-

164 735 330 775 nex-atim
346 735 521 774 notanda
539 765 546 773 .
577 735 711 774 Primo
737 734 856 787 igitur
874 734 1097 773 notabimus
1126 746 1231 773 mare
1247 731 1420 772 nostrum
1436 733 1603 774 Hadria-

165 792 291 831 ticum
307 790 458 843 duplici
474 791 593 830 modo
609 790 679 830 effe
695 788 1014 832 confiderandum
1036 817 1043 823 -
1069 790 1175 828 Nam
1192 789 1255 829 vel
1274 785 1599 830 considerabimus

163 856 207 885 ut
223 859 327 886 mare
345 847 505 899 proprie
529 847 680 886 dictum
697 873 707 888 ‚
738 844 799 886 vel
827 842 952 898 ipsum
983 856 1028 884 ut
1046 859 1231 899 magnum
1248 844 1408 898 aliquod
1427 843 1598 889 Flumen,

161 899 224 942 seu
240 911 282 939 ut
303 900 504 941 Fluentum
520 915 676 942 contem
713 902 878 942 labimur
896 928 903 936 -
936 902 1069 941 Primo
1087 901 1206 941 modo
1223 910 1391 956 accepto
1409 902 1597 940 convenit

162 960 197 996 ei
226 955 344 996 aestus
376 957 503 997 varius
520 987 530 1001 ,
562 971 654 997 acce
685 972 726 997 us
756 970 898 1011 nempe
925 958 1141 997 &receffus
1172 960 1336 1010 majores
1354 970 1455 998 nova
1472 956 1600 1011 plena⁴

163 1026 237 1066 que
255 1015 363 1053 Luna
382 1040 391 1055 ‚
425 1014 654 1054 &minores
686 1014 725 1052 in
754 1014 1026 1067 quadraturis,
1058 1014 1190 1054 &alia
1219 1015 1258 1054 id
1276 1027 1419 1067 genus.
1451 1014 1487 1052 Si
1505 1027 1599 1053 vero
1643 1058 1649 1062 ¹

163 1068 290 1122 ipsum
320 1078 367 1108 ut
398 1067 587 1109 fluentum
617 1067 926 1114 confideremus,
959 1082 1088 1110 motus
1113 1073 1218 1123 ejus,
1250 1070 1310 1109 seu
1342 1068 1599 1109 discurrentes

163 1127 243 1176 ejus
276 1137 397 1176 aquae
435 1124 549 1164 instar
580 1123 746 1166 fluminis
787 1126 948 1178 alicujus
980 1137 1093 1167 erunt
1125 1125 1423 1166 confiderandae
1449 1155 1458 1162 .
1548 1139 1599 1165 uo

164 1178 271 1221 sensu
295 1182 330 1219 ei
354 1191 587 1234 competunt
621 1182 836 1222 alluviones
866 1184 993 1223 variae
1010 1211 1020 1224 ,
1051 1182 1152 1222 alvei
1181 1181 1419 1220 elevationes
1438 1209 1447 1223 ‚
1473 1191 1599 1220 muta-

162 1233 362 1288 tionesque
379 1262 388 1276 ,
404 1236 447 1274 &
462 1236 536 1275 alia
552 1236 783 1288 hujusmodi,
802 1249 845 1276 ut
862 1240 900 1276 in
918 1237 1141 1277 fluminibus
1159 1236 1339 1275 omnibus
1358 1266 1364 1273 .
1392 1236 1476 1275 Nos
1493 1251 1602 1290 prae-

159 1294 276 1346 cipue
300 1293 339 1330 in
369 1290 443 1331 hoc
468 1290 681 1345 specimine
713 1304 852 1333 eventa
881 1295 960 1345 ejus
991 1306 1231 1347 exponemus
1249 1320 1259 1335 ‚
1294 1306 1394 1345 quae
1425 1294 1481 1332 uti
1500 1295 1598 1332 mari

160 1349 318 1404 proprie
348 1346 459 1388 dicto
488 1351 728 1389 conveniunt
761 1376 769 1384 ·
817 1351 921 1390 Nam
957 1350 1006 1389 ad
1032 1360 1199 1393 eventa,
1229 1363 1327 1403 quae
1358 1349 1416 1388 uti
1446 1346 1598 1388 flumini

161 1404 372 1446 accidunt,
398 1403 615 1445 multorum
633 1404 899 1448 saeculorum,
930 1406 1074 1446 nedum
1093 1405 1396 1458 quinquennales
1424 1403 1601 1445 observa-

163 1463 286 1501 tiones
316 1460 363 1500 ad
381 1461 540 1514 aliquod
571 1463 670 1502 certi
700 1462 1038 1517 pronuntiandum
1067 1464 1134 1502 vix
1154 1460 1399 1502 sufficerent.
1434 1460 1596 1515 Aliquas

163 1529 294 1557 tamen
320 1520 563 1570 conjecturas
583 1549 591 1562 ,
622 1521 664 1558 &
684 1517 970 1558 observationes
1000 1518 1086 1558 heic
1115 1533 1274 1574 quoque
1303 1517 1415 1572 super
1444 1518 1516 1557 hac
1554 1532 1595 1558 re

162 1573 416 1627 adjungemus
437 1601 444 1608 ·

219 1629 397 1670 Secundo
413 1629 631 1669 notandum
658 1630 710 1670 est
740 1644 820 1683 quo
835 1631 970 1670 ordine
1002 1630 1182 1670 &modo
1214 1628 1505 1671 observationes
1523 1644 1595 1669 no-

160 1684 250 1726 stras
281 1683 577 1724 instituerimus.
597 1686 728 1736 Atque
759 1686 843 1724 heic
875 1685 1072 1725 sciendum
1096 1684 1148 1724 est
1165 1712 1173 1725 ‚
1192 1699 1259 1723 nos
1294 1684 1400 1724 facili
1432 1688 1595 1740 negotio

163 1754 223 1779 eas
253 1737 476 1778 absolvisse.
508 1740 644 1791 Qum
675 1742 777 1780 enim
809 1752 1059 1794 compertum
1087 1739 1295 1780 habeamus
1326 1738 1507 1794 Physicos
1525 1752 1595 1784 ‚ut

163 1797 256 1834 aeris
287 1795 544 1847 gravitatem,
572 1793 632 1833 vel
662 1795 831 1832 calorem
857 1795 1064 1848 explorent
1081 1822 1091 1837 ‚
1124 1795 1377 1835 instrumenta
1404 1797 1596 1849 quaedam

161 1850 314 1904 liquidis
341 1847 548 1902 semiplena
575 1848 715 1889 habere
731 1876 741 1891 ‚
772 1850 815 1888 ὅ(
832 1853 999 1891 numeris
1029 1860 1164 1890 notata
1181 1877 1192 1892 ,
1217 1851 1355 1904 quibus
1388 1853 1428 1891 id
1446 1866 1596 1906 cogno-

161 1907 292 1947 scant:
322 1906 380 1944 Sic
406 1906 449 1944 &
477 1918 545 1945 nos
573 1919 779 1951 numeros,
807 1906 849 1945 ὃς
875 1903 980 1962 signa
1005 1907 1227 1948 notavimus
1258 1908 1295 1946 in
1312 1906 1423 1948 Mole
1455 1908 1594 1948 Portus

165 1962 282 2003 nostri
301 1989 310 2003 ‚
339 1962 381 2000 &
398 1963 436 2001 in
452 1963 581 2016 Lignis
597 1963 854 2003 exterioribus
870 1961 1032 2004 confixis
1050 1991 1060 2006 ,
1083 1964 1219 2017 quibus
1238 1963 1591 2008 intumescentiam‚

162 2016 381 2059 &accessus
408 2019 452 2058 δε
479 2018 637 2059 receffus
664 2021 789 2058 varios
811 2021 925 2060 maris
953 2019 1070 2061 nostri
1101 2018 1422 2073 cognosceremus
1439 2052 1448 2065 ,
1466 2023 1588 2074 *quod

165 2088 215 2116 ex
246 2075 302 2114 his
331 2074 438 2115 velut
464 2090 649 2130 magnum
683 2074 985 2130 Baroscopium‚
1017 2076 1077 2118 vel
1103 2075 1452 2131 Thermoscopium
1479 2107 1489 2122 ,
1519 2090 1589 2117 aut

163 2131 297 2173 melius
325 2131 433 2172 velut
464 2147 649 2186 magnum
678 2131 998 2187 Ongoscopium,
1029 2132 1202 2173 fiomnia
1234 2147 1372 2187 graece
1398 2132 1484 2172 sunt
1514 2148 1586 2186 ap-

165 2188 343 2242 pellanda
359 2217 368 2230 ,
400 2188 544 2229 accefl'u
561 2190 603 2227 &
621 2188 757 2230 receffu
775 2191 1141 2244 contemplabamur
1159 2205 1168 2233 ;
1194 2192 1329 2243 Atque
1345 2191 1384 2229 in
1404 2189 1460 2229 his
1477 2187 1588 2244 signis

165 2242 215 2289 usi
249 2243 370 2284 sumus
410 2244 588 2285 mensuris
622 2244 922 2286 Ariminensibus
953 2260 1154 2302 tamquam
1185 2248 1305 2300 magis
1337 2246 1583 2288 commodis.

166 2301 264 2355 pede
297 2299 441 2341 scilicet
470 2301 701 2342 Ariminensi
720 2330 729 2344 ,
760 2303 853 2355 qui,
878 2305 1091 2344 adnotante
1117 2303 1274 2343 Andrea
1290 2301 1417 2342 Celfio
1433 2302 1585 2343 Mathe-

168 2359 313 2396 matico
330 2356 526 2409 Vpsalenfi
548 2361 589 2399 ὅ(
616 2361 745 2399 amico
771 2356 901 2398 nostro
919 2359 998 2404 ,est
1026 2362 1074 2400 ad
1108 2360 1244 2413 pedem
1269 2357 1511 2398 Parifiensem
1543 2369 1588 2398 ut

174 2426 284 2452 1000.
302 2412 350 2452 ad
369 2426 457 2463 599.
488 2416 558 2456 Pes
587 2416 650 2456 hic
668 2414 791 2455 noster
808 2414 1057 2456 Ariminensis
1088 2419 1128 2456 in
1143 2415 1279 2456 decem
1297 2418 1437 2469 parteis
1453 2445 1464 2460 ,
1494 2430 1588 2469 quas

950 2474 986 2510 G
1019 2487 1042 2515 2
1516 2485 1589 2511 un-
