<?xml version="1.0" encoding="UTF-8"?>
<!DOCTYPE html PUBLIC "-//W3C//DTD XHTML 1.0 Transitional//EN"
    "http://www.w3.org/TR/xhtml1/DTD/xhtml1-transitional.dtd">
<html xmlns="http://www.w3.org/1999/xhtml" xml:lang="en" lang="en">
 <head>
  <title>
</title>
<meta http-equiv="Content-Type" content="text/html;charset=utf-8" />
  <meta name='ocr-system' content='tesseract 3.04.00' />
  <meta name='ocr-capabilities' content='ocr_page ocr_carea ocr_par ocr_line ocrx_word'/>
</head>
<body>
  <div class='ocr_page' id='page_1' title='image "./janiplanciarimin02bian_0128.png"; bbox 0 0 2125 2915; ppageno 0'>
   <div class='ocr_carea' id='block_1_1' title="bbox 567 219 641 256">
    <p class='ocr_par' dir='ltr' id='par_1_1' title="bbox 567 219 641 256">
     <span class='ocr_line' id='line_1_1' title="bbox 567 219 641 256; baseline -0.014 -8"><span class='ocrx_word' id='word_1_1' title='bbox 567 219 641 256; x_wconf 81' lang='lat'>1²4</span> 
     </span>
    </p>
   </div>
   <div class='ocr_carea' id='block_1_2' title="bbox 912 350 1648 396">
    <p class='ocr_par' dir='ltr' id='par_1_2' title="bbox 912 350 1648 396">
     <span class='ocr_line' id='line_1_2' title="bbox 912 350 1648 396; baseline -0.001 -4"><span class='ocrx_word' id='word_1_2' title='bbox 912 350 1267 395; x_wconf 84' lang='lat' dir='ltr'>TABVLA</span> <span class='ocrx_word' id='word_1_3' title='bbox 1327 354 1420 395; x_wconf 90' lang='lat' dir='ltr'>IV.</span> <span class='ocrx_word' id='word_1_4' title='bbox 1480 354 1648 396; x_wconf 83' lang='lat' dir='ltr'>APP.</span> 
     </span>
    </p>
   </div>
   <div class='ocr_carea' id='block_1_3' title="bbox 563 465 1996 847">
    <p class='ocr_par' dir='ltr' id='par_1_3' title="bbox 563 465 1996 631">
     <span class='ocr_line' id='line_1_3' title="bbox 563 465 1996 521; baseline -0.001 -15"><span class='ocrx_word' id='word_1_5' title='bbox 563 467 640 521; x_wconf 74' lang='lat' dir='ltr'>fig.</span> <span class='ocrx_word' id='word_1_6' title='bbox 657 466 706 506; x_wconf 87' lang='grc' dir='ltr'>Α.</span> <span class='ocrx_word' id='word_1_7' title='bbox 721 466 774 507; x_wconf 89' lang='lat' dir='ltr'>est</span> <span class='ocrx_word' id='word_1_8' title='bbox 788 465 996 506; x_wconf 89' lang='lat' dir='ltr'>Cancellus</span> <span class='ocrx_word' id='word_1_9' title='bbox 1019 471 1145 521; x_wconf 79' lang='lat' dir='ltr'>major</span> <span class='ocrx_word' id='word_1_10' title='bbox 1159 499 1170 515; x_wconf 91' lang='lat'>‚</span> <span class='ocrx_word' id='word_1_11' title='bbox 1197 469 1409 521; x_wconf 80' lang='lat' dir='ltr'>majoribus</span> <span class='ocrx_word' id='word_1_12' title='bbox 1426 468 1560 510; x_wconf 87' lang='lat' dir='ltr'><strong>Chelis</strong></span> <span class='ocrx_word' id='word_1_13' title='bbox 1583 466 1779 509; x_wconf 82' lang='lat' dir='ltr'>bisulcatis</span> <span class='ocrx_word' id='word_1_14' title='bbox 1795 495 1806 511; x_wconf 89' lang='lat'>‚</span> <span class='ocrx_word' id='word_1_15' title='bbox 1833 469 1876 508; x_wconf 87' lang='lat'>&amp;</span> <span class='ocrx_word' id='word_1_16' title='bbox 1892 469 1996 509; x_wconf 85' lang='lat' dir='ltr'>inae..</span> 
     </span>
     <span class='ocr_line' id='line_1_4' title="bbox 675 523 1994 580; baseline 0.002 -18"><span class='ocrx_word' id='word_1_17' title='bbox 675 523 851 577; x_wconf 83' lang='lat' dir='ltr'>qualibus</span> <span class='ocrx_word' id='word_1_18' title='bbox 875 535 960 575; x_wconf 83' lang='lat' dir='ltr'>cap.</span> <span class='ocrx_word' id='word_1_19' title='bbox 975 536 1094 564; x_wconf 81' lang='lat' dir='ltr'>XI111.</span> <span class='ocrx_word' id='word_1_20' title='bbox 1112 527 1152 565; x_wconf 88' lang='lat' dir='ltr'>in</span> <span class='ocrx_word' id='word_1_21' title='bbox 1168 525 1402 579; x_wconf 88' lang='lat' dir='ltr'>Appendice</span> <span class='ocrx_word' id='word_1_22' title='bbox 1418 524 1629 580; x_wconf 85' lang='lat' dir='ltr'>descriptus</span> <span class='ocrx_word' id='word_1_23' title='bbox 1647 556 1654 565; x_wconf 96' lang='lat'>.</span> <span class='ocrx_word' id='word_1_24' title='bbox 1674 523 1737 566; x_wconf 80' lang='lat' dir='ltr'>Ad</span> <span class='ocrx_word' id='word_1_25' title='bbox 1756 539 1782 563; x_wconf 86' lang='lat' dir='ltr'>e·</span> <span class='ocrx_word' id='word_1_26' title='bbox 1803 523 1855 563; x_wconf 87' lang='lat' dir='ltr'>est</span> <span class='ocrx_word' id='word_1_27' title='bbox 1869 525 1994 566; x_wconf 82' lang='lat' dir='ltr'>Chela</span> 
     </span>
     <span class='ocr_line' id='line_1_5' title="bbox 680 581 998 631; baseline -0.009 -12"><span class='ocrx_word' id='word_1_28' title='bbox 680 581 823 620; x_wconf 84' lang='lat' dir='ltr'>dextra</span> <span class='ocrx_word' id='word_1_29' title='bbox 851 581 998 631; x_wconf 83' lang='lat' dir='ltr'>major.</span> 
     </span>
    </p>

    <p class='ocr_par' dir='ltr' id='par_1_4' title="bbox 565 634 1996 789">
     <span class='ocr_line' id='line_1_6' title="bbox 565 634 1994 693; baseline 0.001 -18"><span class='ocrx_word' id='word_1_30' title='bbox 565 637 644 690; x_wconf 73' lang='lat' dir='ltr'>Fig.</span> <span class='ocrx_word' id='word_1_31' title='bbox 662 637 701 675; x_wconf 89' lang='lat' dir='ltr'>B.</span> <span class='ocrx_word' id='word_1_32' title='bbox 721 634 774 676; x_wconf 87' lang='lat' dir='ltr'>est</span> <span class='ocrx_word' id='word_1_33' title='bbox 789 638 942 675; x_wconf 87' lang='lat' dir='ltr'>Cancer</span> <span class='ocrx_word' id='word_1_34' title='bbox 966 637 1151 677; x_wconf 83' lang='lat' dir='ltr'>cordatus</span> <span class='ocrx_word' id='word_1_35' title='bbox 1169 667 1179 683; x_wconf 91' lang='lat'>,</span> <span class='ocrx_word' id='word_1_36' title='bbox 1207 636 1267 677; x_wconf 87' lang='lat' dir='ltr'>seu</span> <span class='ocrx_word' id='word_1_37' title='bbox 1283 637 1486 693; x_wconf 81' lang='lat' dir='ltr'>sagittatus</span> <span class='ocrx_word' id='word_1_38' title='bbox 1504 649 1611 678; x_wconf 88' lang='lat' dir='ltr'>totus</span> <span class='ocrx_word' id='word_1_39' title='bbox 1644 636 1807 678; x_wconf 85' lang='lat' dir='ltr'>hirsutus</span> <span class='ocrx_word' id='word_1_40' title='bbox 1823 649 1911 689; x_wconf 83' lang='lat' dir='ltr'>cap.</span> <span class='ocrx_word' id='word_1_41' title='bbox 1928 649 1994 677; x_wconf 80' lang='lat' dir='ltr'>xv-</span> 
     </span>
     <span class='ocr_line' id='line_1_7' title="bbox 676 691 1996 750; baseline -0.001 -17"><span class='ocrx_word' id='word_1_42' title='bbox 676 694 716 733; x_wconf 90' lang='lat' dir='ltr'>in</span> <span class='ocrx_word' id='word_1_43' title='bbox 734 692 966 748; x_wconf 88' lang='lat' dir='ltr'>Appendice</span> <span class='ocrx_word' id='word_1_44' title='bbox 982 691 1207 747; x_wconf 88' lang='lat' dir='ltr'>descriptus.</span> <span class='ocrx_word' id='word_1_45' title='bbox 1230 695 1301 735; x_wconf 88' lang='lat' dir='ltr'>Sed</span> <span class='ocrx_word' id='word_1_46' title='bbox 1318 697 1442 750; x_wconf 82' lang='lat' dir='ltr'>magis</span> <span class='ocrx_word' id='word_1_47' title='bbox 1459 693 1511 735; x_wconf 91' lang='lat' dir='ltr'>est</span> <span class='ocrx_word' id='word_1_48' title='bbox 1526 693 1717 748; x_wconf 81' lang='lat' dir='ltr'>globosuS,</span> <span class='ocrx_word' id='word_1_49' title='bbox 1732 707 1850 748; x_wconf 79' lang='lat' dir='ltr'>quarn</span> <span class='ocrx_word' id='word_1_50' title='bbox 1868 694 1996 747; x_wconf 84' lang='lat' dir='ltr'>expri-</span> 
     </span>
     <span class='ocr_line' id='line_1_8' title="bbox 680 761 834 789; baseline -0.013 0"><span class='ocrx_word' id='word_1_51' title='bbox 680 761 834 789; x_wconf 87' lang='lat' dir='ltr'>matur.</span> 
     </span>
    </p>

    <p class='ocr_par' dir='ltr' id='par_1_5' title="bbox 933 806 1628 847">
     <span class='ocr_line' id='line_1_9' title="bbox 933 806 1628 847; baseline -0.004 -2"><span class='ocrx_word' id='word_1_52' title='bbox 933 806 1294 847; x_wconf 84' lang='lat' dir='ltr'><strong>TABVLA</strong></span> <span class='ocrx_word' id='word_1_53' title='bbox 1351 808 1400 845; x_wconf 82' lang='lat' dir='ltr'>V.</span> <span class='ocrx_word' id='word_1_54' title='bbox 1459 808 1628 846; x_wconf 87' lang='lat' dir='ltr'>APP.</span> 
     </span>
    </p>
   </div>
   <div class='ocr_carea' id='block_1_4' title="bbox 561 918 1997 1591">
    <p class='ocr_par' dir='ltr' id='par_1_6' title="bbox 563 918 1995 1019">
     <span class='ocr_line' id='line_1_10' title="bbox 563 918 1995 976; baseline -0.001 -16"><span class='ocrx_word' id='word_1_55' title='bbox 563 919 644 976; x_wconf 85' lang='lat' dir='ltr'>Fig.</span> <span class='ocrx_word' id='word_1_56' title='bbox 664 923 712 963; x_wconf 84' lang='lat' dir='ltr'>A·</span> <span class='ocrx_word' id='word_1_57' title='bbox 728 918 913 962; x_wconf 86' lang='lat' dir='ltr'>Oestrum</span> <span class='ocrx_word' id='word_1_58' title='bbox 929 951 940 967; x_wconf 92' lang='lat'>‚</span> <span class='ocrx_word' id='word_1_59' title='bbox 967 920 1030 962; x_wconf 88' lang='lat' dir='ltr'>seu</span> <span class='ocrx_word' id='word_1_60' title='bbox 1058 918 1182 962; x_wconf 86' lang='lat' dir='ltr'>Afilus</span> <span class='ocrx_word' id='word_1_61' title='bbox 1206 920 1376 961; x_wconf 81' lang='lat' dir='ltr'>marinus</span> <span class='ocrx_word' id='word_1_62' title='bbox 1405 934 1491 975; x_wconf 90' lang='lat' dir='ltr'>cap.</span> <span class='ocrx_word' id='word_1_63' title='bbox 1509 934 1574 961; x_wconf 83' lang='lat' dir='ltr'>xv.</span> <span class='ocrx_word' id='word_1_64' title='bbox 1606 922 1647 961; x_wconf 91' lang='lat' dir='ltr'>in</span> <span class='ocrx_word' id='word_1_65' title='bbox 1670 919 1902 976; x_wconf 87' lang='lat' dir='ltr'>Appendice</span> <span class='ocrx_word' id='word_1_66' title='bbox 1930 918 1995 959; x_wconf 83' lang='lat' dir='ltr'>de-</span> 
     </span>
     <span class='ocr_line' id='line_1_11' title="bbox 681 978 872 1019; baseline -0.026 0"><span class='ocrx_word' id='word_1_67' title='bbox 681 978 752 1019; x_wconf 84' lang='lat' dir='ltr'>seri</span> <span class='ocrx_word' id='word_1_68' title='bbox 786 987 872 1018; x_wconf 89' lang='lat' dir='ltr'>tus.</span> 
     </span>
    </p>

    <p class='ocr_par' dir='ltr' id='par_1_7' title="bbox 561 991 1427 1090">
     <span class='ocr_line' id='line_1_12' title="bbox 561 991 1427 1090; baseline 0 -15"><span class='ocrx_word' id='word_1_69' title='bbox 561 1035 640 1090; x_wconf 78' lang='lat' dir='ltr'>Fig.</span> <span class='ocrx_word' id='word_1_70' title='bbox 660 1037 700 1075; x_wconf 91' lang='lat' dir='ltr'>B.</span> <span class='ocrx_word' id='word_1_71' title='bbox 722 991 832 1074; x_wconf 78' lang='lat' dir='ltr'>Idpem</span> <span class='ocrx_word' id='word_1_72' title='bbox 849 1036 889 1075; x_wconf 91' lang='lat' dir='ltr'>in</span> <span class='ocrx_word' id='word_1_73' title='bbox 908 1045 1018 1090; x_wconf 90' lang='lat' dir='ltr'>parte</span> <span class='ocrx_word' id='word_1_74' title='bbox 1034 1033 1169 1089; x_wconf 86' lang='lat' dir='ltr'>supina</span> <span class='ocrx_word' id='word_1_75' title='bbox 1184 1035 1401 1089; x_wconf 74' lang='lat' dir='ltr'>expressum</span> <span class='ocrx_word' id='word_1_76' title='bbox 1420 1063 1427 1071; x_wconf 88' lang='lat'><strong>·</strong></span> 
     </span>
    </p>

    <p class='ocr_par' dir='ltr' id='par_1_8' title="bbox 562 1088 1996 1144">
     <span class='ocr_line' id='line_1_13' title="bbox 562 1088 1996 1144; baseline -0.002 -15"><span class='ocrx_word' id='word_1_77' title='bbox 562 1092 639 1144; x_wconf 85' lang='lat' dir='ltr'>Fig.</span> <span class='ocrx_word' id='word_1_78' title='bbox 659 1094 704 1131; x_wconf 87' lang='lat' dir='ltr'>C.</span> <span class='ocrx_word' id='word_1_79' title='bbox 721 1093 854 1144; x_wconf 87' lang='lat' dir='ltr'>Caput</span> <span class='ocrx_word' id='word_1_80' title='bbox 879 1090 975 1131; x_wconf 84' lang='lat' dir='ltr'>Afili</span> <span class='ocrx_word' id='word_1_81' title='bbox 995 1093 1101 1132; x_wconf 88' lang='lat' dir='ltr'>vitro</span> <span class='ocrx_word' id='word_1_82' title='bbox 1127 1094 1286 1132; x_wconf 65' lang='lat' dir='ltr'>anetum</span> <span class='ocrx_word' id='word_1_83' title='bbox 1315 1092 1361 1131; x_wconf 90' lang='lat' dir='ltr'>A.</span> <span class='ocrx_word' id='word_1_84' title='bbox 1379 1107 1406 1130; x_wconf 84' lang='lat' dir='ltr'>e.</span> <span class='ocrx_word' id='word_1_85' title='bbox 1425 1107 1451 1131; x_wconf 87' lang='lat' dir='ltr'>e.</span> <span class='ocrx_word' id='word_1_86' title='bbox 1480 1091 1600 1132; x_wconf 87' lang='lat' dir='ltr'>Oculi</span> <span class='ocrx_word' id='word_1_87' title='bbox 1626 1093 1705 1143; x_wconf 89' lang='lat' dir='ltr'>ejus</span> <span class='ocrx_word' id='word_1_88' title='bbox 1730 1088 1968 1142; x_wconf 84' lang='lat' dir='ltr'>multiplices</span> <span class='ocrx_word' id='word_1_89' title='bbox 1985 1115 1996 1124; x_wconf 82' lang='lat'><strong>.</strong></span> 
     </span>
    </p>

    <p class='ocr_par' dir='ltr' id='par_1_9' title="bbox 562 1143 1995 1254">
     <span class='ocr_line' id='line_1_14' title="bbox 562 1143 1995 1202; baseline -0.001 -16"><span class='ocrx_word' id='word_1_90' title='bbox 562 1144 642 1200; x_wconf 81' lang='lat' dir='ltr'>Fig.</span> <span class='ocrx_word' id='word_1_91' title='bbox 662 1150 709 1187; x_wconf 91' lang='lat' dir='ltr'>D.</span> <span class='ocrx_word' id='word_1_92' title='bbox 727 1147 779 1187; x_wconf 88' lang='lat' dir='ltr'>est</span> <span class='ocrx_word' id='word_1_93' title='bbox 795 1148 974 1188; x_wconf 81' lang='lat' dir='ltr'>Mentula</span> <span class='ocrx_word' id='word_1_94' title='bbox 1002 1149 1152 1188; x_wconf 77' lang='lat' dir='ltr'>marina</span> <span class='ocrx_word' id='word_1_95' title='bbox 1169 1149 1444 1188; x_wconf 83' lang='lat' dir='ltr'>cucurbitacea</span> <span class='ocrx_word' id='word_1_96' title='bbox 1475 1162 1562 1202; x_wconf 85' lang='lat' dir='ltr'>cap·</span> <span class='ocrx_word' id='word_1_97' title='bbox 1582 1160 1648 1186; x_wconf 84' lang='lat' dir='ltr'>xx.</span> <span class='ocrx_word' id='word_1_98' title='bbox 1680 1144 1899 1200; x_wconf 85' lang='lat' dir='ltr'>descripta.</span> <span class='ocrx_word' id='word_1_99' title='bbox 1930 1143 1995 1184; x_wconf 87' lang='lat' dir='ltr'>Ad</span> 
     </span>
     <span class='ocr_line' id='line_1_15' title="bbox 683 1203 1627 1254; baseline 0 -12"><span class='ocrx_word' id='word_1_100' title='bbox 683 1219 705 1242; x_wconf 87' lang='lat' dir='ltr'><em>a</em></span> <span class='ocrx_word' id='word_1_101' title='bbox 730 1203 782 1240; x_wconf 87' lang='lat' dir='ltr'>est</span> <span class='ocrx_word' id='word_1_102' title='bbox 814 1207 892 1254; x_wconf 87' lang='lat' dir='ltr'>ejus</span> <span class='ocrx_word' id='word_1_103' title='bbox 920 1219 988 1244; x_wconf 91' lang='lat' dir='ltr'>os.</span> <span class='ocrx_word' id='word_1_104' title='bbox 1024 1205 1088 1244; x_wconf 83' lang='lat' dir='ltr'>Ad</span> <span class='ocrx_word' id='word_1_105' title='bbox 1115 1205 1146 1244; x_wconf 77' lang='lat' dir='ltr'>h.</span> <span class='ocrx_word' id='word_1_106' title='bbox 1181 1206 1303 1245; x_wconf 85' lang='lat' dir='ltr'>Pinna</span> <span class='ocrx_word' id='word_1_107' title='bbox 1334 1204 1480 1244; x_wconf 85' lang='lat' dir='ltr'>caudae</span> <span class='ocrx_word' id='word_1_108' title='bbox 1512 1203 1627 1243; x_wconf 90' lang='lat' dir='ltr'>loco.</span> 
     </span>
    </p>

    <p class='ocr_par' dir='ltr' id='par_1_10' title="bbox 566 1252 1997 1367">
     <span class='ocr_line' id='line_1_16' title="bbox 566 1252 1997 1313; baseline -0.003 -14"><span class='ocrx_word' id='word_1_109' title='bbox 566 1254 644 1312; x_wconf 78' lang='lat' dir='ltr'>Fig.</span> <span class='ocrx_word' id='word_1_110' title='bbox 662 1259 700 1298; x_wconf 86' lang='lat' dir='ltr'>E.</span> <span class='ocrx_word' id='word_1_111' title='bbox 735 1258 877 1298; x_wconf 78' lang='lat' dir='ltr'>Eadem</span> <span class='ocrx_word' id='word_1_112' title='bbox 914 1261 952 1298; x_wconf 85' lang='lat' dir='ltr'>in</span> <span class='ocrx_word' id='word_1_113' title='bbox 982 1272 1097 1313; x_wconf 86' lang='lat' dir='ltr'>parte</span> <span class='ocrx_word' id='word_1_114' title='bbox 1128 1260 1285 1303; x_wconf 83' lang='lat' dir='ltr'>aversa,</span> <span class='ocrx_word' id='word_1_115' title='bbox 1316 1260 1378 1300; x_wconf 90' lang='lat' dir='ltr'>seu</span> <span class='ocrx_word' id='word_1_116' title='bbox 1409 1259 1541 1313; x_wconf 82' lang='lat' dir='ltr'>supina</span> <span class='ocrx_word' id='word_1_117' title='bbox 1570 1257 1764 1312; x_wconf 79' lang='lat' dir='ltr'>expreffa.</span> <span class='ocrx_word' id='word_1_118' title='bbox 1790 1256 1854 1297; x_wconf 88' lang='lat' dir='ltr'>Ad</span> <span class='ocrx_word' id='word_1_119' title='bbox 1893 1271 1915 1295; x_wconf 83' lang='lat' dir='ltr'><em>a</em></span> <span class='ocrx_word' id='word_1_120' title='bbox 1944 1252 1997 1295; x_wconf 83' lang='lat' dir='ltr'>est</span> 
     </span>
     <span class='ocr_line' id='line_1_17' title="bbox 684 1311 1937 1367; baseline -0.005 -12"><span class='ocrx_word' id='word_1_121' title='bbox 684 1317 764 1367; x_wconf 81' lang='lat' dir='ltr'>ejus</span> <span class='ocrx_word' id='word_1_122' title='bbox 789 1329 831 1355; x_wconf 94' lang='lat' dir='ltr'>os</span> <span class='ocrx_word' id='word_1_123' title='bbox 854 1344 861 1351; x_wconf 90' lang='lat'>.</span> <span class='ocrx_word' id='word_1_124' title='bbox 893 1316 958 1355; x_wconf 84' lang='lat' dir='ltr'>Ad</span> <span class='ocrx_word' id='word_1_125' title='bbox 977 1316 996 1356; x_wconf 87' lang='lat' dir='ltr'><em>b</em></span> <span class='ocrx_word' id='word_1_126' title='bbox 1015 1343 1023 1351; x_wconf 89' lang='lat'><strong>·</strong></span> <span class='ocrx_word' id='word_1_127' title='bbox 1051 1316 1198 1356; x_wconf 86' lang='lat' dir='ltr'>Pinnae</span> <span class='ocrx_word' id='word_1_128' title='bbox 1227 1317 1324 1356; x_wconf 84' lang='lat' dir='ltr'>duae</span> <span class='ocrx_word' id='word_1_129' title='bbox 1354 1318 1394 1356; x_wconf 92' lang='lat' dir='ltr'>in</span> <span class='ocrx_word' id='word_1_130' title='bbox 1416 1317 1661 1356; x_wconf 81' lang='lat' dir='ltr'>extremitate</span> <span class='ocrx_word' id='word_1_131' title='bbox 1691 1311 1910 1353; x_wconf 86' lang='lat' dir='ltr'>immobiles</span> <span class='ocrx_word' id='word_1_132' title='bbox 1927 1341 1937 1349; x_wconf 84' lang='lat'><strong>.</strong></span> 
     </span>
    </p>

    <p class='ocr_par' dir='ltr' id='par_1_11' title="bbox 566 1370 1504 1426">
     <span class='ocr_line' id='line_1_18' title="bbox 566 1370 1504 1426; baseline 0 -16"><span class='ocrx_word' id='word_1_133' title='bbox 566 1372 699 1425; x_wconf 78' lang='lat' dir='ltr'>Fig-F.</span> <span class='ocrx_word' id='word_1_134' title='bbox 729 1371 816 1410; x_wconf 86' lang='lat' dir='ltr'>Seta</span> <span class='ocrx_word' id='word_1_135' title='bbox 835 1371 1010 1425; x_wconf 77' lang='lat' dir='ltr'>palustris</span> <span class='ocrx_word' id='word_1_136' title='bbox 1042 1385 1129 1425; x_wconf 85' lang='lat' dir='ltr'>cap.</span> <span class='ocrx_word' id='word_1_137' title='bbox 1147 1385 1252 1412; x_wconf 84' lang='lat' dir='ltr'><strong>xx11·</strong></span> <span class='ocrx_word' id='word_1_138' title='bbox 1287 1370 1504 1426; x_wconf 86' lang='lat' dir='ltr'>descripta.</span> 
     </span>
    </p>

    <p class='ocr_par' dir='ltr' id='par_1_12' title="bbox 564 1426 1681 1481">
     <span class='ocr_line' id='line_1_19' title="bbox 564 1426 1681 1481; baseline -0.002 -14"><span class='ocrx_word' id='word_1_139' title='bbox 564 1429 642 1480; x_wconf 86' lang='lat' dir='ltr'>Fig.</span> <span class='ocrx_word' id='word_1_140' title='bbox 663 1428 697 1478; x_wconf 75' lang='lat' dir='ltr'>fi.</span> <span class='ocrx_word' id='word_1_141' title='bbox 732 1426 785 1466; x_wconf 84' lang='lat' dir='ltr'>est</span> <span class='ocrx_word' id='word_1_142' title='bbox 800 1430 932 1481; x_wconf 86' lang='lat' dir='ltr'>Caput</span> <span class='ocrx_word' id='word_1_143' title='bbox 950 1430 1060 1468; x_wconf 78' lang='lat' dir='ltr'>Setae</span> <span class='ocrx_word' id='word_1_144' title='bbox 1090 1426 1332 1468; x_wconf 82' lang='lat' dir='ltr'>fimbriatum</span> <span class='ocrx_word' id='word_1_145' title='bbox 1361 1429 1468 1466; x_wconf 91' lang='lat' dir='ltr'>vitro</span> <span class='ocrx_word' id='word_1_146' title='bbox 1498 1428 1681 1466; x_wconf 62' lang='lat' dir='ltr'>auetum.</span> 
     </span>
    </p>

    <p class='ocr_par' dir='ltr' id='par_1_13' title="bbox 563 1478 1996 1591">
     <span class='ocr_line' id='line_1_20' title="bbox 563 1478 1996 1536; baseline -0.003 -14"><span class='ocrx_word' id='word_1_147' title='bbox 563 1483 642 1536; x_wconf 71' lang='lat' dir='ltr'>Fig.</span> <span class='ocrx_word' id='word_1_148' title='bbox 670 1485 717 1522; x_wconf 91' lang='lat' dir='ltr'>G.</span> <span class='ocrx_word' id='word_1_149' title='bbox 740 1482 933 1524; x_wconf 66' lang='lat' dir='ltr'>Insedtum</span> <span class='ocrx_word' id='word_1_150' title='bbox 949 1483 1027 1529; x_wconf 84' lang='lat' dir='ltr'>est,</span> <span class='ocrx_word' id='word_1_151' title='bbox 1059 1483 1120 1524; x_wconf 86' lang='lat' dir='ltr'>seu</span> <span class='ocrx_word' id='word_1_152' title='bbox 1137 1483 1304 1522; x_wconf 74' lang='lat' dir='ltr'>Concha</span> <span class='ocrx_word' id='word_1_153' title='bbox 1333 1483 1523 1533; x_wconf 83' lang='lat' dir='ltr'>quaedam</span> <span class='ocrx_word' id='word_1_154' title='bbox 1551 1480 1627 1520; x_wconf 87' lang='lat' dir='ltr'>fine</span> <span class='ocrx_word' id='word_1_155' title='bbox 1641 1479 1780 1520; x_wconf 84' lang='lat' dir='ltr'>Testa·</span> <span class='ocrx_word' id='word_1_156' title='bbox 1814 1479 1877 1519; x_wconf 88' lang='lat' dir='ltr'>Ad</span> <span class='ocrx_word' id='word_1_157' title='bbox 1904 1484 1917 1517; x_wconf 83' lang='lat' dir='ltr'>z·</span> <span class='ocrx_word' id='word_1_158' title='bbox 1943 1478 1996 1518; x_wconf 87' lang='lat' dir='ltr'>est</span> 
     </span>
     <span class='ocr_line' id='line_1_21' title="bbox 684 1534 1994 1591; baseline -0.005 -13"><span class='ocrx_word' id='word_1_159' title='bbox 684 1543 765 1591; x_wconf 80' lang='lat' dir='ltr'>ejus</span> <span class='ocrx_word' id='word_1_160' title='bbox 782 1553 824 1577; x_wconf 89' lang='lat' dir='ltr'>os</span> <span class='ocrx_word' id='word_1_161' title='bbox 835 1540 1048 1577; x_wconf 81' lang='lat' dir='ltr'>rotundum</span> <span class='ocrx_word' id='word_1_162' title='bbox 1061 1537 1243 1577; x_wconf 89' lang='lat' dir='ltr'>mollibus</span> <span class='ocrx_word' id='word_1_163' title='bbox 1269 1536 1423 1575; x_wconf 84' lang='lat' dir='ltr'>villibus</span> <span class='ocrx_word' id='word_1_164' title='bbox 1440 1546 1624 1574; x_wconf 83' lang='lat' dir='ltr'>ornatum</span> <span class='ocrx_word' id='word_1_165' title='bbox 1641 1561 1648 1568; x_wconf 91' lang='lat'><em>-</em></span> <span class='ocrx_word' id='word_1_166' title='bbox 1666 1536 1731 1572; x_wconf 89' lang='lat' dir='ltr'>Ad</span> <span class='ocrx_word' id='word_1_167' title='bbox 1747 1538 1760 1573; x_wconf 96' lang='lat' dir='ltr'>l</span> <span class='ocrx_word' id='word_1_168' title='bbox 1775 1535 1827 1573; x_wconf 87' lang='lat' dir='ltr'>est</span> <span class='ocrx_word' id='word_1_169' title='bbox 1844 1534 1994 1574; x_wconf 78' lang='lat' dir='ltr'>Zonula</span> 
     </span>
    </p>
   </div>
   <div class='ocr_carea' id='block_1_5' title="bbox 566 1588 1996 1759">
    <p class='ocr_par' dir='ltr' id='par_1_14' title="bbox 566 1588 1996 1759">
     <span class='ocr_line' id='line_1_22' title="bbox 597 1588 1996 1658; baseline -0.007 -25"><span class='ocrx_word' id='word_1_170' title='bbox 597 1652 603 1658; x_wconf 27' lang='lat'><em>⁶</em></span> <span class='ocrx_word' id='word_1_171' title='bbox 679 1594 869 1646; x_wconf 78' lang='lat' dir='ltr'>quaedam</span> <span class='ocrx_word' id='word_1_172' title='bbox 888 1593 1028 1657; x_wconf 62' lang='lat' dir='ltr'>aloa&amp;</span> <span class='ocrx_word' id='word_1_173' title='bbox 1045 1593 1172 1656; x_wconf 81' lang='lat' dir='ltr'>mollis</span> <span class='ocrx_word' id='word_1_174' title='bbox 1189 1593 1291 1631; x_wconf 86' lang='lat' dir='ltr'>inter</span> <span class='ocrx_word' id='word_1_175' title='bbox 1308 1591 1387 1630; x_wconf 91' lang='lat' dir='ltr'>duo</span> <span class='ocrx_word' id='word_1_176' title='bbox 1406 1588 1639 1645; x_wconf 80' lang='lat' dir='ltr'>corpuscula</span> <span class='ocrx_word' id='word_1_177' title='bbox 1655 1590 1825 1650; x_wconf 55' lang='lat' dir='ltr'>rotund}</span> <span class='ocrx_word' id='word_1_178' title='bbox 1841 1592 1968 1652; x_wconf 68' lang='lat' dir='ltr'>jacens</span> <span class='ocrx_word' id='word_1_179' title='bbox 1987 1615 1996 1623; x_wconf 91' lang='lat'>.</span> 
     </span>
     <span class='ocr_line' id='line_1_23' title="bbox 566 1643 1996 1759; baseline -0.003 -70"><span class='ocrx_word' id='word_1_180' title='bbox 566 1650 644 1705; x_wconf 67' lang='lat' dir='ltr'>Fig.</span> <span class='ocrx_word' id='word_1_181' title='bbox 665 1648 861 1759; x_wconf 41' lang='lat' dir='ltr'>{figjegffi</span> <span class='ocrx_word' id='word_1_182' title='bbox 876 1648 1035 1746; x_wconf 41' lang='grc' dir='ltr'>ΛῒιὲιιξίῗΙ</span> <span class='ocrx_word' id='word_1_183' title='bbox 1047 1647 1537 1759; x_wconf 43' lang='grc' dir='ltr'>ἕΐὲιὲἓτέᾆςέἓὶτηρἒξέᾶ</span> <span class='ocrx_word' id='word_1_184' title='bbox 1554 1643 1655 1739; x_wconf 37' lang='lat' dir='ltr'>’sunt</span> <span class='ocrx_word' id='word_1_185' title='bbox 1685 1645 1765 1685; x_wconf 88' lang='lat' dir='ltr'>duo</span> <span class='ocrx_word' id='word_1_186' title='bbox 1791 1650 1996 1688; x_wconf 65' lang='lat' dir='ltr'>foramina,</span> 
     </span>
    </p>
   </div>
   <div class='ocr_carea' id='block_1_6' title="bbox 910 1818 1640 1860">
    <p class='ocr_par' dir='ltr' id='par_1_15' title="bbox 910 1818 1640 1860">
     <span class='ocr_line' id='line_1_24' title="bbox 910 1818 1640 1860; baseline -0.008 0"><span class='ocrx_word' id='word_1_187' title='bbox 910 1818 1268 1860; x_wconf 85' lang='lat' dir='ltr'><strong>TABVLA</strong></span> <span class='ocrx_word' id='word_1_188' title='bbox 1328 1818 1406 1856; x_wconf 86' lang='lat' dir='ltr'>VI.</span> <span class='ocrx_word' id='word_1_189' title='bbox 1468 1818 1640 1857; x_wconf 90' lang='lat' dir='ltr'><strong>APP.</strong></span> 
     </span>
    </p>
   </div>
   <div class='ocr_carea' id='block_1_7' title="bbox 563 1925 1991 2435">
    <p class='ocr_par' dir='ltr' id='par_1_16' title="bbox 564 1925 1991 2037">
     <span class='ocr_line' id='line_1_25' title="bbox 564 1925 1991 1985; baseline -0.003 -13"><span class='ocrx_word' id='word_1_190' title='bbox 564 1932 641 1985; x_wconf 76' lang='lat' dir='ltr'>Fig.</span> <span class='ocrx_word' id='word_1_191' title='bbox 662 1931 710 1970; x_wconf 86' lang='lat' dir='ltr'>A.</span> <span class='ocrx_word' id='word_1_192' title='bbox 736 1928 795 1969; x_wconf 82' lang='lat' dir='ltr'>Est</span> <span class='ocrx_word' id='word_1_193' title='bbox 811 1929 928 1970; x_wconf 80' lang='lat' dir='ltr'>Stella</span> <span class='ocrx_word' id='word_1_194' title='bbox 958 1930 1108 1969; x_wconf 78' lang='lat' dir='ltr'>marina</span> <span class='ocrx_word' id='word_1_195' title='bbox 1137 1929 1305 1982; x_wconf 76' lang='lat' dir='ltr'>vulgaris</span> <span class='ocrx_word' id='word_1_196' title='bbox 1329 1941 1497 1982; x_wconf 87' lang='lat' dir='ltr'>corpore</span> <span class='ocrx_word' id='word_1_197' title='bbox 1513 1926 1652 1966; x_wconf 80' lang='lat' dir='ltr'>latiore</span> <span class='ocrx_word' id='word_1_198' title='bbox 1671 1952 1678 1960; x_wconf 89' lang='lat'><strong>·</strong></span> <span class='ocrx_word' id='word_1_199' title='bbox 1706 1925 1771 1965; x_wconf 89' lang='lat' dir='ltr'>Ad</span> <span class='ocrx_word' id='word_1_200' title='bbox 1789 1943 1821 1966; x_wconf 79' lang='lat' dir='ltr'>a.</span> <span class='ocrx_word' id='word_1_201' title='bbox 1842 1925 1895 1967; x_wconf 88' lang='lat' dir='ltr'>est</span> <span class='ocrx_word' id='word_1_202' title='bbox 1912 1930 1991 1980; x_wconf 87' lang='lat' dir='ltr'>ejus</span> 
     </span>
     <span class='ocr_line' id='line_1_26' title="bbox 676 1981 1846 2037; baseline -0.004 -11"><span class='ocrx_word' id='word_1_203' title='bbox 676 2000 719 2026; x_wconf 84' lang='lat' dir='ltr'>os</span> <span class='ocrx_word' id='word_1_204' title='bbox 738 1985 948 2027; x_wconf 81' lang='lat' dir='ltr'>foliaceum</span> <span class='ocrx_word' id='word_1_205' title='bbox 967 2014 974 2021; x_wconf 89' lang='lat'><em>-</em></span> <span class='ocrx_word' id='word_1_206' title='bbox 1007 1986 1071 2024; x_wconf 85' lang='lat' dir='ltr'>Ad</span> <span class='ocrx_word' id='word_1_207' title='bbox 1090 1986 1121 2025; x_wconf 76' lang='lat' dir='ltr'>h.</span> <span class='ocrx_word' id='word_1_208' title='bbox 1141 1986 1172 2024; x_wconf 80' lang='lat' dir='ltr'>b.</span> <span class='ocrx_word' id='word_1_209' title='bbox 1191 1986 1221 2024; x_wconf 79' lang='lat' dir='ltr'>b.</span> <span class='ocrx_word' id='word_1_210' title='bbox 1241 1985 1272 2024; x_wconf 83' lang='lat' dir='ltr'>b·</span> <span class='ocrx_word' id='word_1_211' title='bbox 1292 1984 1324 2023; x_wconf 77' lang='lat' dir='ltr'>h.</span> <span class='ocrx_word' id='word_1_212' title='bbox 1357 1982 1444 2022; x_wconf 89' lang='lat' dir='ltr'>sunt</span> <span class='ocrx_word' id='word_1_213' title='bbox 1460 1986 1538 2035; x_wconf 85' lang='lat' dir='ltr'>ejus</span> <span class='ocrx_word' id='word_1_214' title='bbox 1557 1983 1671 2037; x_wconf 84' lang='lat' dir='ltr'>pedes</span> <span class='ocrx_word' id='word_1_215' title='bbox 1689 1981 1846 2022; x_wconf 83' lang='lat' dir='ltr'>exserti.</span> 
     </span>
    </p>

    <p class='ocr_par' dir='ltr' id='par_1_17' title="bbox 566 2038 1990 2139">
     <span class='ocr_line' id='line_1_27' title="bbox 566 2038 1990 2098; baseline -0.002 -16"><span class='ocrx_word' id='word_1_216' title='bbox 566 2044 644 2098; x_wconf 77' lang='lat' dir='ltr'>Fig.</span> <span class='ocrx_word' id='word_1_217' title='bbox 662 2044 691 2082; x_wconf 91' lang='lat' dir='ltr'><strong>B</strong></span> <span class='ocrx_word' id='word_1_218' title='bbox 737 2043 872 2084; x_wconf 83' lang='lat' dir='ltr'>eadem</span> <span class='ocrx_word' id='word_1_219' title='bbox 889 2042 1007 2082; x_wconf 79' lang='lat' dir='ltr'>Stella</span> <span class='ocrx_word' id='word_1_220' title='bbox 1025 2044 1063 2081; x_wconf 85' lang='lat' dir='ltr'>in</span> <span class='ocrx_word' id='word_1_221' title='bbox 1081 2053 1194 2096; x_wconf 81' lang='lat' dir='ltr'>parte</span> <span class='ocrx_word' id='word_1_222' title='bbox 1227 2038 1357 2081; x_wconf 79' lang='lat' dir='ltr'>aversa</span> <span class='ocrx_word' id='word_1_223' title='bbox 1373 2038 1544 2094; x_wconf 81' lang='lat' dir='ltr'>expreffa</span> <span class='ocrx_word' id='word_1_224' title='bbox 1561 2068 1568 2076; x_wconf 90' lang='lat'>.</span> <span class='ocrx_word' id='word_1_225' title='bbox 1596 2041 1661 2079; x_wconf 93' lang='lat' dir='ltr'>Ad</span> <span class='ocrx_word' id='word_1_226' title='bbox 1679 2040 1710 2080; x_wconf 82' lang='lat' dir='ltr'>h.</span> <span class='ocrx_word' id='word_1_227' title='bbox 1728 2043 1806 2093; x_wconf 91' lang='lat' dir='ltr'>ejus</span> <span class='ocrx_word' id='word_1_228' title='bbox 1823 2040 1990 2080; x_wconf 89' lang='lat' dir='ltr'>cerebri-</span> 
     </span>
     <span class='ocr_line' id='line_1_28' title="bbox 681 2098 1153 2139; baseline -0.004 0"><span class='ocrx_word' id='word_1_229' title='bbox 681 2110 736 2139; x_wconf 85' lang='lat' dir='ltr'>tes</span> <span class='ocrx_word' id='word_1_230' title='bbox 764 2102 803 2139; x_wconf 90' lang='lat' dir='ltr'>in</span> <span class='ocrx_word' id='word_1_231' title='bbox 830 2099 926 2139; x_wconf 68' lang='lat' dir='ltr'>statu</span> <span class='ocrx_word' id='word_1_232' title='bbox 959 2098 1153 2138; x_wconf 86' lang='lat' dir='ltr'>naturali-</span> 
     </span>
    </p>

    <p class='ocr_par' dir='ltr' id='par_1_18' title="bbox 564 2152 1989 2267">
     <span class='ocr_line' id='line_1_29' title="bbox 564 2152 1989 2209; baseline -0.004 -13"><span class='ocrx_word' id='word_1_233' title='bbox 564 2155 641 2209; x_wconf 76' lang='lat' dir='ltr'>Fig.</span> <span class='ocrx_word' id='word_1_234' title='bbox 661 2157 706 2194; x_wconf 89' lang='lat' dir='ltr'>C.</span> <span class='ocrx_word' id='word_1_235' title='bbox 724 2158 943 2196; x_wconf 86' lang='lat' dir='ltr'>Cerebrites</span> <span class='ocrx_word' id='word_1_236' title='bbox 960 2157 999 2195; x_wconf 86' lang='lat' dir='ltr'>in</span> <span class='ocrx_word' id='word_1_237' title='bbox 1018 2153 1133 2195; x_wconf 90' lang='lat' dir='ltr'>dorso</span> <span class='ocrx_word' id='word_1_238' title='bbox 1150 2154 1290 2195; x_wconf 73' lang='lat' dir='ltr'>Stellae</span> <span class='ocrx_word' id='word_1_239' title='bbox 1306 2152 1423 2194; x_wconf 78' lang='lat' dir='ltr'>infixa</span> <span class='ocrx_word' id='word_1_240' title='bbox 1440 2156 1546 2195; x_wconf 88' lang='lat' dir='ltr'>vitro</span> <span class='ocrx_word' id='word_1_241' title='bbox 1563 2155 1675 2193; x_wconf 58' lang='lat' dir='ltr'>auena</span> <span class='ocrx_word' id='word_1_242' title='bbox 1692 2181 1699 2188; x_wconf 89' lang='lat'>.</span> <span class='ocrx_word' id='word_1_243' title='bbox 1733 2154 1841 2193; x_wconf 73' lang='lat' dir='ltr'>Haec</span> <span class='ocrx_word' id='word_1_244' title='bbox 1857 2154 1989 2192; x_wconf 77' lang='lat' dir='ltr'>omnia</span> 
     </span>
     <span class='ocr_line' id='line_1_30' title="bbox 679 2211 1521 2267; baseline 0.001 -16"><span class='ocrx_word' id='word_1_245' title='bbox 679 2211 872 2267; x_wconf 78' lang='lat' dir='ltr'>descripta</span> <span class='ocrx_word' id='word_1_246' title='bbox 897 2212 1037 2252; x_wconf 88' lang='lat' dir='ltr'>suntin</span> <span class='ocrx_word' id='word_1_247' title='bbox 1054 2213 1289 2266; x_wconf 87' lang='lat' dir='ltr'>Appendice</span> <span class='ocrx_word' id='word_1_248' title='bbox 1321 2226 1407 2266; x_wconf 81' lang='lat' dir='ltr'>cap.</span> <span class='ocrx_word' id='word_1_249' title='bbox 1430 2226 1479 2252; x_wconf 75' lang='lat' dir='ltr'>vr</span> <span class='ocrx_word' id='word_1_250' title='bbox 1492 2226 1521 2251; x_wconf 92' lang='lat'>1-</span> 
     </span>
    </p>

    <p class='ocr_par' dir='ltr' id='par_1_19' title="bbox 563 2264 1988 2380">
     <span class='ocr_line' id='line_1_31' title="bbox 563 2264 1988 2322; baseline -0.004 -14"><span class='ocrx_word' id='word_1_251' title='bbox 563 2268 643 2322; x_wconf 74' lang='lat' dir='ltr'>Fig.</span> <span class='ocrx_word' id='word_1_252' title='bbox 663 2269 713 2307; x_wconf 91' lang='lat' dir='ltr'>D.</span> <span class='ocrx_word' id='word_1_253' title='bbox 745 2267 797 2308; x_wconf 88' lang='lat' dir='ltr'>est</span> <span class='ocrx_word' id='word_1_254' title='bbox 814 2270 975 2310; x_wconf 85' lang='lat' dir='ltr'>Echinus</span> <span class='ocrx_word' id='word_1_255' title='bbox 994 2271 1205 2308; x_wconf 80' lang='lat' dir='ltr'>Coriaceus</span> <span class='ocrx_word' id='word_1_256' title='bbox 1223 2269 1271 2308; x_wconf 86' lang='lat' dir='ltr'>ad</span> <span class='ocrx_word' id='word_1_257' title='bbox 1288 2284 1331 2309; x_wconf 89' lang='lat' dir='ltr'>os</span> <span class='ocrx_word' id='word_1_258' title='bbox 1348 2267 1565 2308; x_wconf 86' lang='lat' dir='ltr'>fimbriatus</span> <span class='ocrx_word' id='word_1_259' title='bbox 1587 2281 1672 2322; x_wconf 80' lang='lat' dir='ltr'>cap.</span> <span class='ocrx_word' id='word_1_260' title='bbox 1690 2281 1753 2307; x_wconf 77' lang='lat' dir='ltr'>vr.</span> <span class='ocrx_word' id='word_1_261' title='bbox 1771 2267 1811 2304; x_wconf 90' lang='lat' dir='ltr'>in</span> <span class='ocrx_word' id='word_1_262' title='bbox 1827 2264 1988 2319; x_wconf 88' lang='lat' dir='ltr'>Appen-</span> 
     </span>
     <span class='ocr_line' id='line_1_32' title="bbox 676 2322 1987 2380; baseline -0.005 -15"><span class='ocrx_word' id='word_1_263' title='bbox 676 2325 763 2365; x_wconf 83' lang='lat' dir='ltr'>dice</span> <span class='ocrx_word' id='word_1_264' title='bbox 780 2324 1012 2380; x_wconf 83' lang='lat' dir='ltr'>descriptus.</span> <span class='ocrx_word' id='word_1_265' title='bbox 1031 2327 1096 2365; x_wconf 94' lang='lat' dir='ltr'>Ad</span> <span class='ocrx_word' id='word_1_266' title='bbox 1113 2327 1158 2363; x_wconf 89' lang='lat' dir='ltr'>C.</span> <span class='ocrx_word' id='word_1_267' title='bbox 1172 2327 1215 2364; x_wconf 90' lang='lat' dir='ltr'>C.</span> <span class='ocrx_word' id='word_1_268' title='bbox 1228 2327 1274 2364; x_wconf 76' lang='lat' dir='ltr'>C.</span> <span class='ocrx_word' id='word_1_269' title='bbox 1291 2325 1375 2365; x_wconf 88' lang='lat' dir='ltr'>sunt</span> <span class='ocrx_word' id='word_1_270' title='bbox 1390 2329 1469 2378; x_wconf 89' lang='lat' dir='ltr'>ejus</span> <span class='ocrx_word' id='word_1_271' title='bbox 1487 2322 1682 2364; x_wconf 79' lang='lat' dir='ltr'>fimbriae.</span> <span class='ocrx_word' id='word_1_272' title='bbox 1701 2323 1765 2362; x_wconf 91' lang='lat' dir='ltr'>Ad</span> <span class='ocrx_word' id='word_1_273' title='bbox 1782 2338 1815 2361; x_wconf 82' lang='lat' dir='ltr'>a·</span> <span class='ocrx_word' id='word_1_274' title='bbox 1835 2323 1915 2373; x_wconf 86' lang='lat' dir='ltr'>ejus</span> <span class='ocrx_word' id='word_1_275' title='bbox 1932 2334 1987 2359; x_wconf 83' lang='lat' dir='ltr'>os.</span> 
     </span>
    </p>

    <p class='ocr_par' dir='ltr' id='par_1_20' title="bbox 564 2376 1985 2435">
     <span class='ocr_line' id='line_1_33' title="bbox 564 2376 1985 2435; baseline -0.004 -15"><span class='ocrx_word' id='word_1_276' title='bbox 564 2382 643 2435; x_wconf 81' lang='lat' dir='ltr'>Fig·</span> <span class='ocrx_word' id='word_1_277' title='bbox 660 2382 699 2420; x_wconf 89' lang='lat' dir='ltr'>E.</span> <span class='ocrx_word' id='word_1_278' title='bbox 717 2383 759 2421; x_wconf 76' lang='grc' dir='ltr'>ὅ(</span> <span class='ocrx_word' id='word_1_279' title='bbox 774 2382 812 2421; x_wconf 87' lang='lat' dir='ltr'>F.</span> <span class='ocrx_word' id='word_1_280' title='bbox 845 2381 930 2422; x_wconf 89' lang='lat' dir='ltr'>sunt</span> <span class='ocrx_word' id='word_1_281' title='bbox 947 2382 1081 2422; x_wconf 85' lang='lat' dir='ltr'>Echini</span> <span class='ocrx_word' id='word_1_282' title='bbox 1111 2384 1294 2423; x_wconf 86' lang='lat' dir='ltr'>Coriacei</span> <span class='ocrx_word' id='word_1_283' title='bbox 1313 2411 1323 2426; x_wconf 86' lang='lat'><strong>,</strong></span> <span class='ocrx_word' id='word_1_284' title='bbox 1353 2385 1421 2435; x_wconf 87' lang='lat' dir='ltr'>qui</span> <span class='ocrx_word' id='word_1_285' title='bbox 1437 2381 1606 2421; x_wconf 82' lang='lat' dir='ltr'>fimbrias</span> <span class='ocrx_word' id='word_1_286' title='bbox 1638 2380 1841 2420; x_wconf 82' lang='lat' dir='ltr'>occultant</span> <span class='ocrx_word' id='word_1_287' title='bbox 1859 2405 1866 2414; x_wconf 85' lang='lat'><strong>.</strong></span> <span class='ocrx_word' id='word_1_288' title='bbox 1884 2379 1932 2416; x_wconf 90' lang='lat' dir='ltr'>In</span> <span class='ocrx_word' id='word_1_289' title='bbox 1950 2376 1985 2415; x_wconf 85' lang='lat' dir='ltr'>F.</span> 
     </span>
    </p>
   </div>
   <div class='ocr_carea' id='block_1_8' title="bbox 675 2428 1994 2528">
    <p class='ocr_par' dir='ltr' id='par_1_21' title="bbox 675 2428 1994 2528">
     <span class='ocr_line' id='line_1_34' title="bbox 675 2428 1899 2528; baseline -0.003 -49"><span class='ocrx_word' id='word_1_290' title='bbox 675 2428 798 2479; x_wconf 60' lang='lat' dir='ltr'>&#39;sectus</span> <span class='ocrx_word' id='word_1_291' title='bbox 817 2439 890 2479; x_wconf 82' lang='lat' dir='ltr'>fuit</span> <span class='ocrx_word' id='word_1_292' title='bbox 906 2450 1039 2480; x_wconf 85' lang='lat' dir='ltr'>venter</span> <span class='ocrx_word' id='word_1_293' title='bbox 1055 2467 1066 2483; x_wconf 83' lang='lat'>‚</span> <span class='ocrx_word' id='word_1_294' title='bbox 1098 2453 1146 2479; x_wconf 85' lang='lat' dir='ltr'>ex</span> <span class='ocrx_word' id='word_1_295' title='bbox 1165 2455 1245 2494; x_wconf 85' lang='lat' dir='ltr'>quo</span> <span class='ocrx_word' id='word_1_296' title='bbox 1261 2438 1439 2480; x_wconf 71' lang='lat' dir='ltr'>intestina.</span> <span class='ocrx_word' id='word_1_297' title='bbox 1467 2437 1679 2493; x_wconf 76' lang='lat' dir='ltr'>prodibant</span> <span class='ocrx_word' id='word_1_298' title='bbox 1694 2463 1702 2472; x_wconf 86' lang='lat'><strong>·</strong></span> <span class='ocrx_word' id='word_1_299' title='bbox 1864 2487 1899 2528; x_wconf 74' lang='lat' dir='ltr'>T</span> 
     </span>
     <span class='ocr_line' id='line_1_35' title="bbox 1904 2501 1994 2527; baseline 0.011 -1"><span class='ocrx_word' id='word_1_300' title='bbox 1904 2501 1994 2527; x_wconf 64' lang='grc' dir='ltr'>Δεν-</span> 
     </span>
    </p>
   </div>
  </div>
 </body>
</html>
