2145 2910
523 203 571 243 32
942 202 1038 245 DE
1098 206 1509 252 CONGHIS

510 273 621 337 hneis
643 277 691 346 ἔκ
708 278 906 322 coloribus
938 282 991 323 est
1006 296 1170 330 notata,
1202 302 1280 329 non
1311 291 1411 332 male
1443 293 1492 332 ad
1509 292 1678 334 Tellinas
1708 294 1948 342 referretur:

510 331 621 382 Qun
637 345 680 373 oc
697 336 876 402 Mytulor
894 370 904 385 ,
929 339 991 380 seu
1007 341 1200 384 Musculos
1217 375 1227 391 ,
1259 361 1430 400 quorum
1446 349 1526 389 duo
1542 347 1628 390 sunt
1654 365 1796 405 genera
1811 381 1821 397 ,
1854 356 1951 396 Gla-

511 386 628 428 brum
646 405 766 455 unum
784 421 795 436 ‚
828 395 998 436 Pilosum
1016 398 1200 444 alterum,
1219 403 1320 443 intus
1337 414 1467 445 tamen
1483 404 1702 446 violaceum
1720 401 1952 463 utrumque,

514 444 562 508 ad
589 444 756 487 Tellmas
780 449 924 492 referre
954 455 1010 493 nil
1027 465 1157 495 vetat.
1189 459 1260 498 Sed
1290 462 1403 501 nimis
1434 461 1571 506 effem,
1602 473 1646 504 ut
1674 465 1783 511 dixi,
1812 465 1837 506 s1
1865 467 1954 508 Tel-

517 501 616 542 lmas
634 503 779 567 nostras
791 536 800 548 ,
830 507 1060 570 praesertim
1077 513 1245 555 minores
1259 543 1270 558 ‚
1300 518 1343 556 ὃς
1359 519 1538 559 minimas
1554 545 1565 562 ‚
1596 534 1695 574 quae
1712 523 1751 561 in
1764 521 1952 564 sedimen-

513 569 560 599 to
579 574 693 621 maris
712 560 857 602 littoris
890 564 1009 606 nostri
1027 594 1038 610 ‚
1070 569 1210 611 vellem
1226 571 1369 614 referre
1385 605 1393 613 .
1422 574 1574 616 Vltimo
1603 575 1697 617 loco
1712 591 1792 618 non
1813 576 1951 625 fileb03

512 615 706 679 Tellmam
725 630 888 671 parvam
923 621 1037 663 lentis
1059 629 1329 680 magnitudine
1344 661 1355 676 ,
1386 632 1429 671 &
1444 630 1533 672 flavi
1551 632 1692 673 coloris
1723 633 1952 688 quibusdam

511 673 758 738 t.emp0r¹k.'.u⁵.
773 703 783 719 ,
815 675 877 716 sed
893 677 1119 733 praesertim
1144 683 1269 726 mense
1285 688 1458 731 Ostobri
1474 698 1584 729 tanta
1598 692 1716 744 copia
1739 706 1761 730 a
1777 705 1883 731 mare
1899 693 1950 732 ad

508 727 617 766 littus
651 743 761 792 reJ1c1
778 762 788 777 ‚
812 745 865 796 ‘ut
895 739 1096 777 onerariae
1124 754 1240 781 naves
1270 744 1319 782 ad
1347 758 1408 784 eas
1424 744 1616 785 vehendas
1650 748 1716 786 vix
1739 746 1856 786 effent
1882 763 1950 802 pa-

506 799 565 825 res
584 813 591 820 .
623 784 746 850 Pisces
767 802 935 829 minores
955 821 965 836 ‚
998 793 1224 845 praesertim
1242 800 1362 837 Gobii
1380 826 1388 840 ,
1416 795 1458 839 &
1476 801 1616 841 Stellae
1647 814 1826 842 ventrem
1844 802 1947 842 hisce

507 841 725 906 Concliulis
756 854 850 883 tunc
868 844 1015 886 habent
1030 848 1236 890 onustum.
1268 853 1324 892 Ex
1339 853 1569 895 Cesenatico
1599 867 1717 909 portu
1747 857 1946 898 advehun-

508 908 573 938 tur
604 898 759 939 vfil1ores
792 901 983 963 quaedam
1006 903 1179 946 T'ellinae
1210 909 1487 962 complanatae
1519 941 1529 955 ‚
1560 910 1840 958 subi-otundae‚
1871 914 1945 954 Te-

506 952 562 1018 sta
576 968 625 995 ex
642 956 733 1020 albo
767 957 942 1000 vlolacea
974 958 1157 1006 fasciam,
1183 964 1226 1003 &
1256 963 1387 1019 fragili
1406 994 1414 1001 .
1444 967 1490 1004 In
1519 966 1655 1008 littore
1685 969 1838 1009 Veneto
1853 970 1943 1011 Tel-

506 1010 586 1051 lma
614 1011 689 1051 alia
720 1016 916 1068 reperitur
947 1019 1196 1072 amygdalam
1226 1035 1317 1061 cum
1346 1023 1495 1062 cortice
1512 1022 1677 1064 referens
1696 1052 1706 1068 ,
1738 1025 1875 1066 colore
1891 1041 1941 1070 ex

507 1066 598 1177 ’ἀξίω
628 1071 808 1113 caeruleo
824 1073 1161 1170 &rugosa-§.lssztlec
1177 1090 1335 1131 quoque
1360 1081 1484 1119 minus
1516 1082 1617 1132 grati
1634 1079 1779 1134 saporis
1795 1112 1803 1120 .

576 1117 735 1179 -ae'lW-
802 1144 813 1151 .
906 1149 918 1158 ,
937 1139 966 1165 9!
981 1145 991 1153 -
1144 1132 1154 1140 ⁸

788 1251 1242 1315 CAPVT
1325 1258 1625 1322 XXVI.

537 1372 701 1410 SoLEN
734 1383 1036 1412 ELLIPTICVS
1081 1385 1350 1412 MiznrocRI
1389 1383 1764 1412 MAGNITVDINE
1810 1385 1948 1411 Βερν-

567 1439 751 1466 LENTVS
809 1441 1082 1469 CARDINEM
1127 1442 1287 1468 PROPE
1332 1440 1539 1468 MEDIVM
1592 1442 1782 1469 GERENS
1828 1442 1948 1467 L1‘r-

569 1496 723 1523 TORIS
756 1484 1125 1525 ARIMINENSIS
1154 1515 1161 1521 .
1194 1487 1281 1526 SEv
1315 1486 1480 1526 SOLEN
1522 1497 1719 1529 rnM1NA
1757 1486 1945 1526 PLINII

569 1552 622 1579 ET
653 1543 960 1582 ATHENAEI.

538 1633 568 1672 1.
663 1632 828 1674 Olenem
867 1633 1052 1674 feminam
1081 1637 1120 1673 in
1143 1634 1384 1675 Tabulam.
1412 1631 1536 1688 figura
1559 1637 1608 1676 V.
1636 1634 1789 1687 duplici
1813 1646 1948 1674 exem·

674 1690 743 1744 plo
773 1690 840 1729 sub
854 1690 991 1730 litteris
1008 1693 1036 1729 Β
1053 1692 1140 1730 &C
1172 1692 1280 1744 pingi
1297 1693 1515 1730 curavimus
1535 1717 1545 1732 ,
1573 1705 1691 1744 quam
1720 1690 1944 1731 Athenaeus

507 1745 726 1798 Pliniusque
755 1746 942 1800 Onychas
969 1747 1192 1787 unicolores
1222 1747 1406 1785 dixerunt
1435 1775 1445 1789 ,
1484 1746 1527 1784 ὅ(
1557 1760 1579 1785 a
1609 1760 1714 1785 mare
1744 1776 1754 1791 ‚
1795 1758 1944 1799 que-n,

506 1803 630 1842 Aulos
660 1802 916 1853 Donacasque
931 1811 1125 1840 vocarunt
1141 1828 1151 1843 ,
1181 1800 1316 1838 colore
1333 1828 1342 1841 ,
1359 1801 1627 1851 magnitudine
1645 1829 1654 1843 ,
1680 1803 1723 1840 ὃς
1740 1801 1872 1852 sapore
1886 1801 1949 1839 di-

507 1858 646 1910 stingui
666 1857 876 1895 voluerunt
906 1886 913 1892 .
944 1854 1204 1894 Rondeletius
1230 1855 1358 1906 inquit
1387 1868 1396 1893 :
1425 1854 1524 1892 nulla
1556 1859 1656 1893 natio
1685 1856 1836 1894 Solenem
1869 1870 1948 1896 ma-

510 1929 584 1955 rem
616 1914 711 1952 hodie
739 1928 760 1952 a
774 1913 916 1964 femina
946 1912 1138 1965 distinguit
1161 1915 1255 1958 (α).
1290 1912 1502 1963 Propterea
1530 1923 1595 1951 eos
1626 1909 1857 1964 distinguere
1882 1925 1948 1950 ne-

510 1969 621 2012 scivit
654 1967 790 2021 &ipse
805 1996 816 2011 ,
834 1979 951 2021 atque
981 1981 1102 2006 unum
1135 1981 1225 2006 cum
1255 1966 1332 2006 alio
1349 1967 1516 2019 turpiter
1546 1965 1772 2021 permiscuit
1791 1995 1799 2003 .
1816 1967 1947 2008 Immo

511 2027 648 2067 eadem
661 2024 773 2064 Testa
804 2024 954 2079 duplici
984 2024 1168 2078 exemplo
1186 2025 1293 2078 picta
1312 2053 1320 2067 ‚
1347 2021 1509 2065 alteram
1532 2037 1605 2077 pro
1621 2038 1726 2062 mare
1744 2054 1754 2069 ,
1779 2023 1947 2064 alteram

511 2098 587 2138 pro
604 2081 745 2122 femina
777 2081 1000 2122 venditavit
1029 2108 1036 2115 -
1070 2082 1174 2120 Scire
1206 2081 1328 2134 igitur
1358 2079 1451 2120 licet
1480 2079 1634 2121 Solenes
1668 2078 1826 2120 feminas
1844 2110 1854 2124 ,
1885 2079 1946 2120 seu

512 2138 702 2193 Onychas
732 2153 829 2192 quae
845 2138 948 2192 apud
967 2151 1035 2176 nos
1060 2135 1146 2177 sunt
1178 2133 1501 2190 frequentiffimae
1519 2166 1529 2182 ,
1558 2138 1601 2175 ὃς
1632 2151 1725 2190 quas
1752 2137 1840 2176 heic
1870 2138 1945 2191 pri-

513 2193 581 2237 mo
611 2195 702 2235 loco
735 2208 902 2249 propter
934 2193 1106 2233 nostrum
1137 2192 1357 2233 institutum
1374 2192 1621 2234 describimus
1640 2223 1649 2237 ‚
1667 2209 1686 2232 a
1705 2194 1873 2233 maribus
1891 2195 1949 2232 in-

512 2252 666 2308 signiter
684 2252 837 2292 differre
855 2284 861 2290 .
893 2250 952 2291 Est
968 2253 1070 2290 enim
1103 2249 1244 2291 femina
1264 2279 1273 2293 ‚
1303 2261 1348 2290 ut
1364 2249 1585 2290 Athenaeus
1601 2250 1643 2289 &
1662 2251 1806 2290 Plinius
1833 2260 1947 2290 nota-

516 2312 576 2351 vit
592 2340 603 2355 ,
627 2309 808 2349 unicolor
826 2337 836 2352 ‚
869 2311 931 2348 cui
962 2323 1030 2349 nos
1059 2307 1235 2348 addimus
1252 2338 1262 2353 ,
1280 2310 1322 2348 &
1351 2308 1478 2347 minor
1495 2335 1505 2349 ‚
1539 2309 1581 2347 &
1598 2304 1722 2359 figura
1753 2307 1942 2361 elliptica,

515 2369 560 2408 ὃς
587 2365 787 2407 cardinem
819 2379 946 2421 prope
975 2365 1149 2407 medium
1164 2364 1310 2418 gestans
1329 2391 1339 2409 ‚
1368 2374 1411 2405 ut
1441 2365 1480 2404 in
1495 2360 1629 2419 figuris
1658 2364 1785 2406 allatis
1801 2362 1870 2404 sub
1886 2363 1945 2425 lit-

1853 2431 1944 2463 tens

555 2481 605 2513 (a)
626 2479 687 2508 Lib.
700 2480 725 2509 I.
738 2481 769 2508 dc
782 2480 906 2516 Testaccis
919 2481 985 2513 Cap.
998 2489 1042 2513 4⁷..
1059 2488 1119 2515 pag.
1131 2489 1174 2513 43.
