2145 2910
552 210 602 257 5⁸
987 204 1546 252 sPECIMEN

542 289 746 332 Aestivum
763 318 773 334 ‚
798 295 926 346 (quae
965 290 1139 332 absolute
1167 292 1218 332 ad
1249 296 1564 351 vigintiquinque
1595 299 1727 339 uncias
1757 299 2002 352 porrigitur,

547 358 645 388 tunc
678 350 782 389 enim
799 349 909 389 Mare
941 350 1064 388 minus
1083 351 1221 403 Aquae
1249 354 1429 393 continet
1458 358 1473 400 )
1502 381 1511 396 ‚
1544 355 1587 395 &
1615 356 1717 396 inter
1748 356 2007 396 intumescen-

545 407 643 445 tiam
660 434 670 448 ‚
701 419 802 459 quae
819 407 1018 459 contingit
1034 405 1117 445 aliis
1147 410 1391 463 temporibus
1410 439 1419 455 ‚
1448 409 1587 452 Hieme
1603 411 1832 465 praesertim
1848 439 1855 447 -
1892 415 2005 454 Mare

546 462 650 501 enim
679 463 719 501 in
749 464 898 515 magnis
914 460 1075 501 aestibus
1092 465 1207 503 tertia
1221 479 1374 519 quaque
1406 466 1468 506 die
1485 467 1570 520 post
1585 469 1802 510 Novilunia
1820 496 1829 509 ,
1860 470 1903 508 &
1918 469 2005 508 Ple-

543 518 693 558 nilunia
719 516 866 573 semper
894 516 971 559 fere
987 519 1036 559 ad
1054 521 1231 561 eamdem
1256 521 1513 563 altitudinem
1540 523 1711 565 ascendit
1727 556 1736 571 ,
1773 524 1834 565 seu
1865 525 2003 565 eadem

543 572 646 627 signa
678 575 716 612 in
746 575 849 614 mole
880 576 1018 615 Portus
1044 575 1163 616 nostri
1189 580 1378 634 attingit.
1409 581 1467 619 At
1482 595 1555 635 pro
1589 592 1693 622 terea
1710 585 1904 621 continuo
1921 595 2003 621 non

542 629 752 669 dicendum
769 628 916 684 semper
940 632 1079 673 eodem
1107 637 1228 687 pacto
1257 649 1361 676 mare
1396 596 1678 681 intumesgerffi
1710 638 1802 678 licet
1831 639 1869 677 in
1900 639 2005 677 intu-

542 684 752 726 mescentia
781 688 917 728 eadem
947 687 1024 729 fere
1053 687 1159 744 signa
1190 690 1337 747 semper
1368 694 1564 748 attingat‚·
1595 709 1685 734 nam
1703 694 1841 734 Hieme
1867 691 2006 734 subclu-

540 742 684 783 cendus
708 742 759 782 est
789 745 857 784 Pes
874 745 940 785 ille
969 748 1176 800 Aquarum
1194 778 1203 792 ,
1235 762 1315 802 quo
1345 764 1452 790 mare
1477 749 1709 805 exsuperat.
1742 752 2002 804 Qapropter

540 810 637 839 tunc
654 813 734 839 non
749 800 963 841 dicendum
991 803 1040 840 ad
1067 805 1386 858 vigintiquinque
1405 835 1416 849 ,
1450 805 1511 844 sed
1544 808 1593 844 ad
1624 806 1850 859 quindecim
1872 807 2005 848 uncias

540 867 696 896 tantum
722 856 969 901 intumuisse,
1001 857 1094 897 licet
1123 859 1260 898 eadem
1288 858 1392 914 signa
1418 859 1642 901 delibasset.
1675 861 1765 901 Post
1792 860 2002 902 solstitium

540 927 636 953 vero
656 912 872 953 Hibernum
902 914 1087 967 Januario
1119 914 1244 955 mense
1260 917 1310 957 ad
1327 918 1489 970 triginta.
1518 919 1648 956 uncias
1680 919 1723 956 &
1751 917 1857 956 ultra
1888 916 2004 956 affur-

538 979 637 1022 gunt
656 971 793 1023 Aquae
810 1000 820 1016 ,
847 981 887 1011 at
916 982 1010 1011 tunc
1041 985 1198 1024 quoque
1220 975 1410 1013 continuo
1427 988 1508 1013 non
1525 973 1578 1012 est
1594 972 1831 1013 asserendum
1863 974 2003 1027 trigina-

538 1037 580 1065 ta
612 1029 733 1066 unciis
763 1026 938 1069 absolute
967 1026 1169 1068 ascendiffe
1199 1060 1208 1073 ,
1248 1028 1311 1069 sed
1343 1044 1408 1085 pes
1441 1029 1504 1069 ille
1534 1031 1693 1068 circiter
1737 1028 1886 1082 semper
1923 1031 2000 1069 hoc

540 1093 719 1136 tempore
751 1083 805 1124 est
833 1084 1092 1125 detrahendus
1119 1112 1126 1121 .
1161 1087 1309 1126 Verum
1341 1084 1447 1126 missa
1462 1083 1766 1124 Intumescentia
1799 1085 1865 1124 ista
1882 1086 2003 1125 Rela-

539 1139 646 1182 tiva,
678 1141 874 1179 veniamus
899 1142 948 1181 ad
980 1142 1149 1182 mediam
1182 1169 1191 1184 ‚
1224 1156 1324 1195 quae
1353 1172 1363 1187 ,
1393 1154 1437 1180 ut
1471 1142 1639 1180 diximus
1672 1142 1712 1180 in
1738 1141 1857 1181 titulo
1890 1171 1900 1186 ‚
1932 1143 2001 1182 vix

539 1194 766 1247 quindecim
789 1197 932 1236 Vncias
963 1196 1166 1250 exsuperat
1183 1225 1193 1240 ,
1223 1212 1321 1250 quae
1352 1208 1458 1238 certe
1488 1196 1710 1236 immodica
1727 1209 1806 1241 non
1824 1198 2001 1243 videtur,

538 1259 670 1290 tamen
684 1249 736 1290 est
753 1262 889 1293 tanta,
924 1263 967 1291 ut
980 1265 1048 1305 per
1068 1254 1167 1291 hanc
1186 1251 1299 1292 facile
1330 1251 1536 1306 appellant
1567 1254 1723 1305 navigia
1757 1254 1806 1293 ad
1836 1265 2001 1306 portum

538 1305 738 1352 nostrum,
767 1310 874 1348 &ex
891 1306 973 1363 ipso
1005 1306 1182 1348 solvant.
1216 1310 1264 1348 In
1281 1307 1454 1349 Refluxu
1481 1308 1586 1347 enim
1603 1306 1880 1362 saepenumero
1910 1309 2002 1349 hae-

538 1375 628 1403 rent
654 1365 693 1403 in
717 1362 819 1405 sicco
838 1393 846 1407 ‚
878 1379 997 1419 quare
1015 1364 1212 1405 interdum
1242 1364 1338 1404 haec
1357 1363 1745 1419 quindecimuncialis
1763 1394 1773 1409 ,
1802 1363 1848 1406 fit
1876 1366 2000 1406 verbo

537 1421 653 1459 venia
679 1451 689 1465 ‚
721 1421 1021 1469 intumescentia
1054 1422 1221 1475 navigiis
1249 1422 1463 1474 majoribus
1488 1419 1540 1460 est
1555 1423 1826 1474 expedtanda,
1857 1432 1902 1462 ut
1929 1437 2000 1477 ap-

539 1475 684 1531 pellere
714 1477 776 1519 vel
809 1476 958 1522 solvere
983 1475 1155 1532 possint.

932 1587 1616 1631 SCHOLIVMII.

538 1702 799 1797 Vidimus
830 1704 870 1743 in
903 1701 1165 1758 superioribus
1197 1701 1540 1745 intumescentiam
1582 1706 1772 1757 majorem
1803 1703 1921 1744 Maris
1949 1703 1998 1745 ad

669 1761 795 1800 Littus
820 1759 994 1800 nostrum
1022 1762 1342 1814 vigintiquinque
1367 1761 1430 1800 vel
1450 1761 1612 1814 triginta
1643 1761 1775 1800 uncias
1810 1774 1891 1801 non
1931 1773 1997 1800 ex-

538 1819 677 1859 cedere
703 1847 713 1861 ,
744 1817 788 1855 &
817 1816 987 1855 mediam
1018 1817 1058 1853 in
1090 1817 1302 1866 majoribus
1319 1813 1496 1853 Aestibus
1528 1816 1577 1853 ad
1607 1817 1833 1866 quindecim
1863 1818 1996 1857 uncias

538 1875 697 1915 circiter
726 1872 901 1927 porrigi·
934 1869 1041 1910 Haec
1058 1881 1190 1910 tamen
1220 1885 1301 1910 non
1329 1868 1382 1908 est
1405 1869 1574 1923 aequalis
1591 1882 1661 1923 per
1677 1871 1899 1912 universum
1917 1872 1997 1912 Ha-

538 1930 750 1971 driaticum
779 1924 929 1970 finum,
962 1940 1050 1967 nam
1083 1942 1164 1982 quo
1196 1928 1317 1980 magis
1347 1927 1521 1968 Venetiis
1553 1927 1916 1980 appropinquamus
1947 1943 1996 1968 eo

534 1988 662 2038 major
691 1982 743 2023 est
756 1982 1060 2024 Intumescentia
1078 2015 1087 2029 ,
1112 1982 1172 2024 seu
1188 1984 1331 2024 Fluxus
1348 1985 1391 2023 &
1414 1981 1626 2023 Ressuxus.
1658 1983 1766 2023 Ante
1793 1984 1896 2023 diem
1917 1996 1995 2023 vn.

537 2041 730 2083 Calendas
760 2041 891 2092 Junias
922 2039 1035 2096 elapfi
1076 2042 1168 2081 anni
1212 2052 1551 2080 c1o1occxxxv11.
1584 2039 1625 2078 in
1649 2038 1863 2081 Ravennae
1904 2054 2001 2094 por-

534 2109 579 2139 tu
599 2129 610 2144 ‚
641 2099 708 2151 qui
726 2098 1065 2151 trigintaquinque
1099 2108 1254 2138 tanturn
1272 2096 1463 2137 milliariis
1499 2096 1647 2136 Italicis
1662 2110 1684 2135 a
1701 2095 1831 2136 nostro
1848 2096 1965 2136 distat
1981 2126 1992 2141 ‚

537 2157 579 2196 in
595 2169 675 2210 quo
691 2167 760 2209 per
777 2156 934 2194 noctem
964 2164 1146 2202 moratus
1164 2152 1247 2194 sum
1265 2182 1276 2196 ‚
1306 2153 1510 2195 observavi
1538 2153 1648 2193 Mare
1672 2153 1721 2192 ad
1738 2154 1996 2206 vigintiquin-

539 2226 616 2266 que
646 2212 775 2251 uncias
806 2213 850 2251 &
873 2210 976 2252 ultra
1002 2210 1254 2254 descendisse,
1286 2208 1481 2251 descensus
1509 2208 1594 2251 sane
1624 2212 1693 2264 qui
1712 2212 1779 2249 vix
1796 2211 1900 2265 apud
1918 2224 1988 2249 nos

538 2269 578 2308 in
599 2269 813 2319 majoribus
845 2267 1005 2310 aestibus
1043 2267 1292 2323 contigisset,
1321 2269 1365 2308 &
1395 2279 1526 2308 tamen
1549 2281 1596 2307 ea
1624 2280 1706 2307 nox
1735 2276 1874 2320 quarta
1903 2277 1989 2306 erat

540 2334 629 2365 ante
647 2324 865 2365 Novilunia
881 2353 890 2367 ‚
921 2337 1077 2380 tempus
1108 2324 1257 2366 scilicet
1281 2339 1363 2379 quo
1389 2326 1517 2376 major
1541 2323 1662 2364 aestus
1694 2336 1774 2362 non
1790 2323 1989 2363 succedit.

541 2380 737 2421 Galilaeus
767 2383 806 2421 in
829 2382 1004 2437 Dialogo
1029 2393 1174 2436 quarto
1205 2380 1424 2436 Systematis
1449 2379 1622 2422 Cosmici
1654 2379 1782 2420 afferit
1820 2379 1990 2419 Venetiis

537 2437 647 2480 Mare
676 2438 725 2478 ad
748 2439 922 2496 quinque
952 2439 1014 2482 vel
1043 2437 1110 2483 sex.
1140 2439 1256 2494 pedes
1287 2435 1542 2480 intumescere
1572 2467 1584 2484 ,
1613 2451 1712 2492 quae
1739 2435 1993 2498 intumescen-

1939 2500 1996 2531 tia
