2145 2910
537 204 590 238 42
964 191 1061 232 DE
1119 192 1524 234 CONCHIS

536 279 638 321 ‘teris
671 278 930 320 animantibus
948 274 1126 330 perfeffis
1144 275 1263 328 vulgo
1280 274 1393 318 dietis
1413 274 1621 329 praestant,
1637 287 1849 333 propterea
1861 288 1970 322 trun-

543 346 633 376 cata
648 349 728 376 non
744 335 934 377 continuo
950 332 1171 376 moriuntur
1189 342 1234 371 ut
1258 330 1326 375 ista
1342 360 1348 367 -
1381 332 1619 385 Qinimmo
1651 333 1746 376 haec
1764 362 1774 377 ‚
1792 349 1891 388 quae
1919 334 1971 377 fic

544 389 775 446 imperfeeta
791 390 974 433 dicuntur
990 388 1033 432 &
1049 386 1205 432 infesta,
1223 399 1318 441 prae
1334 390 1491 443 organis
1517 387 1586 432 suis
1604 419 1614 434 ‚
1645 391 1688 431 ὅ(
1704 404 1798 444 prae
1823 392 1970 446 ingenii

544 448 626 487 acie
645 475 654 489 ,
672 458 718 485 ut
737 448 791 485 ita
809 446 947 497 loquar
963 471 972 487 ‚
992 459 1067 497 qua
1085 443 1266 498 praedita
1285 442 1372 483 sunt
1387 473 1396 487 ‚
1416 459 1472 485 res
1489 446 1602 485 miras
1618 458 1832 500 operantur
1850 474 1858 488 ‚
1877 461 1970 501 quas

543 504 700 557 operari
723 502 879 541 minime
910 498 978 539 scit
994 501 1098 540 canis
1117 528 1127 542 ‚
1164 499 1224 541 vel
1240 500 1383 540 animal
1413 501 1689 556 quodcumque
1719 517 1815 542 cane
1848 503 1973 557 perse-

542 561 640 598 c‘tius
678 570 757 595 non
789 554 975 595 infectum
996 583 1003 591 -
1031 554 1096 595 Ad
1126 555 1308 596 formicas
1341 557 1382 596 &
1399 557 1448 597 ad
1465 572 1620 598 araneas
1649 573 1827 613 provoco
1853 587 1859 594 ,
1900 558 1972 598 Sed

542 613 634 666 quid
667 625 847 652 memoro
880 611 1063 652 formicas
1090 612 1294 654 araneasve
1311 621 1325 652 ?
1353 614 1598 668 Bombycum
1625 615 1668 653 &
1697 629 1817 670 apum
1850 628 1973 669 opera

539 667 859 722 contemplemur
876 696 885 711 ‚
918 671 961 709 ἃ
978 667 1062 708 sane
1081 667 1188 708 sanus
1205 670 1443 724 quicumque
1460 669 1646 712 fatebitur
1665 702 1674 715 ,
1700 686 1759 711 res
1777 670 1973 724 praestan-

539 727 658 765 tiores
677 754 687 769 ,
713 727 755 765 &
772 726 893 779 magis
911 725 1157 765 admirabiles
1188 727 1237 765 ab
1253 725 1333 766 ullo
1350 728 1540 781 quopiam
1570 726 1855 781 perfectiorum
1886 727 1971 766 ani-

537 782 730 822 mantium
761 794 841 820 non
857 781 920 821 edi
937 812 943 818 .
977 782 1035 821 Vt
1065 791 1202 822 natura
1231 781 1375 822 bovem
1406 783 1567 835 quidem
1583 812 1593 828 ,
1609 796 1747 823 canem
1764 811 1776 827 ,
1807 782 1967 824 asinum,

540 849 746 892 ceteraque
776 836 814 876 id
835 849 953 889 genus
971 835 1184 876 condidiffe
1200 836 1379 876 videatur
1397 864 1407 879 ‚
1425 849 1469 876 ut
1486 835 1700 890 fimplicem
1717 837 1842 881 vitam
1859 838 1968 880 viva-

540 908 623 934 mus
642 923 651 937 ,
684 895 925 947 bombycem
943 907 1035 932 vero
1061 893 1104 932 &
1120 905 1235 945 apem
1252 892 1438 934 addidisse
1457 921 1467 936 ‚
1497 904 1541 932 ut
1557 892 1717 934 vestium
1750 892 1970 946 splendore,

538 964 649 991 cerae
667 947 732 991 usu
753 977 763 992 ‚
797 952 839 989 &e
857 948 982 991 mellis
1010 948 1218 989 dulcedine
1235 947 1399 989 suaviter
1428 950 1616 1002 beateque
1631 950 1847 989 viveremus
1868 975 1874 983 ·
1894 948 1967 988 Sed

538 1022 559 1047 e
576 1006 815 1047 diverticulo
833 1037 841 1050 ,
873 1005 976 1046 unde
992 1001 1144 1058 digressi
1162 1002 1286 1045 sumus
1302 1032 1313 1047 ‚
1344 1006 1384 1045 in
1403 1006 1526 1047 viam.
1547 1006 1705 1045 Vrticas
1734 1004 1801 1047 has
1819 1007 1969 1059 imper.

540 1062 660 1104 sectas
683 1077 786 1103 voco
803 1061 922 1103 relate
939 1062 986 1102 ad
1007 1062 1083 1101 alia
1099 1061 1312 1101 animantia
1327 1091 1338 1106 ‚
1354 1075 1474 1116 quum
1490 1060 1721 1104 strucsturam
1737 1060 1885 1103 nullam
1903 1075 1969 1100 or-

540 1133 733 1173 ganorum
752 1118 958 1159 ostendant
975 1148 983 1163 ‚
1014 1118 1056 1157 &
1074 1116 1209 1157 mollia
1224 1114 1297 1156 sint
1324 1131 1368 1157 ac
1387 1117 1496 1157 velut
1511 1116 1655 1171 glacies
1686 1115 1817 1157 calore
1835 1130 1971 1158 manus

540 1172 783 1228 liquescant.
817 1174 950 1225 Qare
967 1173 992 1213 fi
1010 1185 1139 1214 motus
1158 1172 1308 1228 aliquos
1341 1173 1473 1213 vitales
1505 1187 1587 1213 non
1603 1171 1760 1216 ederent
1776 1200 1787 1215 ‚
1818 1173 1972 1229 penitus

543 1232 592 1273 ad
618 1227 823 1270 mucosum
854 1229 1049 1282 liquamen
1081 1229 1315 1269 referrentur
1340 1258 1347 1266 .
1379 1233 1443 1270 An
1474 1230 1609 1271 Vrtica
1639 1227 1736 1272 haec
1766 1227 1896 1269 nostra
1924 1226 1971 1268 fit

546 1286 684 1328 eadem
713 1299 757 1325 ac
789 1284 855 1325 illa
871 1298 991 1339 quam
1019 1283 1128 1323 sexto
1153 1284 1247 1324 loco
1261 1287 1391 1340 pinxit
1407 1285 1663 1327 Rondeletius
1680 1289 1736 1333 (a)
1752 1315 1762 1330 ‚
1792 1295 1836 1324 ut
1852 1284 1973 1338 aliqui

545 1357 595 1384 ex
625 1343 760 1382 amicis
791 1340 926 1382 nostris
944 1369 954 1384 ‚
985 1341 1033 1381 ad
1060 1354 1158 1394 quos
1183 1354 1294 1381 exem
1327 1343 1363 1382 la
1382 1345 1461 1395 ejus
1479 1339 1561 1382 mifi
1577 1370 1588 1385 ,
1607 1339 1847 1397 suspicantur
1862 1368 1873 1384 ,
1891 1354 1973 1380 non

543 1397 661 1440 ausim
694 1397 886 1438 affirmare
905 1426 913 1434 .
948 1397 1065 1437 Pedes
1094 1398 1196 1436 enim
1229 1357 1379 1438 noiiiae
1410 1397 1472 1438 seu
1498 1397 1653 1438 frondes
1683 1412 1764 1438 non
1791 1398 1847 1438 ita
1871 1396 1972 1437 latae

547 1455 748 1509 &longae
768 1453 855 1494 sunt
879 1481 889 1497 ,
914 1468 1039 1508 neque
1069 1453 1125 1494 ita
1143 1452 1305 1496 incisae,
1323 1464 1367 1493 ut
1385 1452 1486 1498 foliis
1503 1453 1660 1493 acanthi
1690 1451 1832 1507 poffint
1863 1466 1973 1496 com-

545 1513 701 1566 parari.
728 1511 919 1551 Praeterea
946 1510 1013 1550 illa
1029 1508 1259 1550 Rondeletii
1290 1509 1527 1563 marsupium
1560 1520 1639 1548 non
1656 1508 1802 1553 refert,
1829 1505 1892 1548 sed
1912 1510 1973 1561 pi·

546 1569 650 1608 leum
669 1567 878 1621 quemdam
910 1579 979 1606 aut
1004 1564 1242 1608 umbellam3
1266 1567 1305 1604 ni
1322 1565 1422 1606 forte
1453 1565 1493 1604 id
1510 1564 1657 1606 accidit
1687 1562 1753 1619 ipsi
1772 1565 1971 1617 picstorum

542 1627 586 1673 ὅ(
614 1622 860 1677 scalptorum
886 1624 1009 1664 vitio,
1042 1620 1322 1664 intolerando,
1353 1633 1399 1661 ut
1416 1620 1492 1676 ipse
1525 1621 1728 1674 loquitur,
1761 1620 1969 1660 hominum

542 1693 680 1736 genere
696 1680 770 1728 (b).
1732 1689 1735 1692 ·

600 1736 651 1775 II·
684 1736 809 1788 Hujus
825 1734 975 1790 generis
994 1730 1046 1774 est
1062 1760 1071 1775 ‚
1105 1741 1149 1773 ut
1177 1731 1349 1773 diximus
1367 1759 1377 1775 ‚
1394 1732 1532 1777 Vrtica
1555 1730 1624 1774 illa
1651 1746 1795 1787 magna
1812 1763 1823 1779 ‚
1848 1745 1971 1786 squam

545 1792 688 1845 quinto
719 1791 812 1830 loco
841 1790 1027 1830 describit
1044 1787 1306 1827 Rondeletius
1322 1814 1332 1829 ‚
1364 1789 1407 1826 &
1422 1788 1543 1839 vulgo
1554 1800 1658 1839 potta
1676 1793 1821 1830 marina
1837 1792 1890 1836 (c)
1905 1800 1973 1842 ap-

544 1846 772 1905 pellatun&
791 1858 909 1896 quarn
928 1843 1161 1884 Matthiolus
1180 1841 1336 1892 aliique,
1354 1855 1450 1893 quos
1464 1843 1594 1892 rejicit
1605 1842 1878 1886 Rondeletius,
1896 1856 1972 1894 pro

540 1900 735 1956 pulmone
768 1901 922 1941 marino
937 1898 1084 1939 habent
1103 1925 1110 1932 -
1141 1897 1249 1937 Haec
1268 1895 1444 1950 frequens
1459 1895 1512 1936 est
1529 1898 1567 1939 in
1586 1894 1718 1938 nostro
1735 1897 1833 1936 mari
1851 1927 1860 1941 ‚
1886 1898 1970 1949 pul-

544 1957 717 2010 chraque
734 1955 951 1996 admodum
969 1983 978 1998 ‚
1011 1969 1060 1994 cu
1061 1957 1120 2007 jus
1134 1951 1346 2006 descriptio
1361 1952 1469 2007 apud
1484 1952 1665 1998 eumdem
1681 1952 1971 1998 Rondeletium

544 2013 753 2068 diligenter
782 2010 931 2068 prostat
945 2043 953 2051 .

581 2416 625 2448 (a)
644 2415 701 2443 Lib.
714 2424 794 2443 xv11.
806 2425 860 2451 cap(
877 2426 921 2443 xx.

583 2451 626 2481 (b)
646 2450 702 2478 Lib.
714 2450 746 2477 de
763 2450 917 2485 Amphzbiis
930 2460 985 2483 cap.
998 2458 1030 2477 vi
1041 2459 1078 2478 ιι.
1096 2450 1253 2485 circafinem
1263 2472 1270 2478 .
1446 2478 1448 2480 ,

583 2486 622 2516 Rc)
641 2484 699 2512 Lib,
711 2493 791 2512 xvu.
803 2495 860 2521 sap.
875 2494 934 2513 xix.
949 2485 975 2514 ξς
985 2496 1041 2520 ιαμ.
1055 2494 1149 2513 xxxix.
1163 2485 1258 2523 vulgus
1271 2484 1362 2512 Pons
1375 2480 1508 2519 appellat·
