2145 2910
508 191 559 225 28
952 182 1048 224 DE
1108 185 1517 225 CONCHIS

873 343 1320 412 CA'·PVT··
1353 352 1603 415 XXII.

538 453 716 495 Tvrzno
762 467 1016 495 VIRGATVS
1059 467 1365 494 svssvrnrnrs
1413 468 1657 496 cosrvms
1699 472 1947 500 LATIORI-

595 524 680 550 Bvs
715 523 966 549 rrrronrs
998 511 1238 550 ARIMINI
1265 543 1273 550 .
1304 513 1437 552 IDEM
1481 525 1832 556 ALBoVIRIDIS
1866 530 1946 556 co-

595 578 775 605 sTvLIs
810 580 1180 615 VTENVIORIBVS
1207 599 1215 607 .
1255 569 1386 609 IDEM
1425 583 1685 611 MINIMVS.

621 662 701 720 ΟΝ
730 663 837 715 quod
872 665 998 703 minus
1030 674 1167 704 notum
1197 664 1242 704 fit
1272 664 1349 705 hoc
1373 664 1592 707 Turbinum
1619 682 1738 722 genus
1763 667 1847 708 heic
1879 667 1947 707 cle-

638 720 766 759 icribo
801 748 808 755 ·
839 720 1098 761 Rondeletius
1137 722 1241 761 enim
1273 723 1402 776 pinxit
1433 753 1443 768 ‚
1481 725 1524 763 &
1551 723 1740 765 Turbines
1772 726 1945 776 virgatos

509 773 728 833 appellavit
759 806 767 813 .
796 777 929 816 Pinxit
959 778 1000 815 &
1036 780 1072 815 P.
1092 779 1310 817 Bonannius
1340 809 1349 822 ‚
1379 779 1523 831 aliique
1549 810 1556 817 .
1588 781 1658 820 Sed
1694 780 1800 833 quod
1832 793 1946 832 quae-

505 836 596 874 dam
628 833 735 871 circa
764 846 829 871 eos
863 832 1078 886 peculiaria
1095 831 1410 875 observaverim,
1443 844 1654 888 propterea
1684 834 1771 874 heic
1804 833 1946 875 descri-

505 893 585 933 bo,
616 889 658 927 &
687 900 731 927 ut
764 890 1018 944 pingerentur
1048 890 1183 929 curavi
1215 917 1222 924 .
1253 890 1386 929 Primo
1417 892 1490 929 tria
1517 904 1657 943 genera
1687 904 1823 930 eorum
1861 888 1947 944 pas-

507 945 576 987 fim
594 948 632 986 in
651 944 781 985 nostro
813 946 946 985 littore
976 947 1225 999 reperiuntur
1243 972 1252 987 ‚
1285 957 1329 985 ut
1360 947 1399 984 in
1431 947 1548 985 titulo
1572 948 1787 987 memoravi
1807 974 1816 988 ‚
1846 961 1946 1001 quo-

508 1019 594 1044 rum
627 1003 706 1042 duo
740 1001 824 1042 {unt
849 1003 1005 1057 depicta
1036 1003 1074 1041 in
1106 1001 1257 1043 Tabula
1287 1002 1330 1041 V.
1362 1000 1428 1042 sub
1456 1002 1678 1042 num.0V11.
1697 1004 1740 1042 &
1763 1003 1869 1042 VIII.
1901 1017 1947 1043 ea.

502 1061 666 1113 quidem
691 1059 973 1114 magnitudine,
989 1073 1066 1112 qua
1083 1059 1312 1113 plerumque
1329 1058 1413 1098 heic
1430 1060 1680 1099 inveniuntur
1698 1059 1948 1112 ;exemplum

505 1130 601 1156 vero
619 1117 827 1155 minimum
852 1115 979 1156 deest.
1011 1116 1190 1156 Secundo
1211 1115 1409 1156 observari
1434 1130 1500 1155 eos
1523 1117 1676 1154 omneis
1702 1114 1773 1155 effe
1804 1116 1946 1154 tricor-

505 1167 599 1212 neos
620 1199 629 1212 ‚
648 1183 692 1209 ut
723 1171 909 1225 superiori
936 1174 1064 1224 capite
1093 1174 1200 1211 innui
1230 1199 1237 1207 .
1266 1172 1405 1212 Tertio
1430 1171 1510 1211 vidi
1539 1171 1771 1224 operculum
1803 1170 1946 1211 habere

505 1228 754 1268 cochleatum
785 1228 828 1265 ὃς
856 1228 1154 1280 complanatum
1172 1227 1284 1266 instar
1310 1241 1434 1266 cornu
1452 1226 1650 1279 cujusdam
1682 1226 1942 1271 Hammonis,

506 1296 551 1325 ut
567 1284 696 1326 videre
712 1282 765 1324 est
782 1285 819 1322 in
836 1283 981 1323 duabus
1012 1282 1084 1322 istis
1110 1280 1268 1337 figuris.
1302 1282 1415 1335 Qae
1446 1282 1634 1338 opercula
1658 1285 1697 1322 in
1730 1281 1944 1324 sedimento

507 1343 578 1383 illo
610 1340 740 1381 nostro
769 1342 1018 1395 reperiuntur
1038 1353 1111 1379 una
1142 1353 1232 1379 cum
1257 1339 1340 1378 aliis
1371 1342 1566 1392 majorum
1582 1339 1847 1380 Cochlearum
1864 1371 1873 1384 ,
1900 1351 1946 1380 ut

508 1400 653 1454 Capite
669 1399 735 1437 XI.
754 1398 923 1437 diximus
941 1425 951 1440 ,
985 1397 1027 1436 &
1053 1399 1091 1435 in
1115 1396 1263 1436 Tabula
1281 1396 1351 1435 111.
1376 1393 1499 1449 figura
1516 1398 1547 1436 Ι.
1565 1398 1676 1451 pingi
1702 1398 1944 1437 curavimus.

504 1457 666 1508 'Qarto
682 1453 849 1508 denique
867 1468 931 1494 eos
948 1454 1033 1494 heic
1050 1467 1310 1493 memoramus
1326 1481 1336 1495 ‚
1360 1454 1467 1507 quod
1500 1452 1786 1493 observavimus
1805 1467 1945 1492 eorum

507 1526 666 1552 carnem
684 1509 841 1551 succum
859 1510 1072 1565 quemdam
1091 1512 1293 1550 continere
1313 1541 1321 1554 ,
1347 1511 1415 1563 qui
1440 1510 1586 1562 digitos
1605 1511 1646 1549 ὃς
1663 1509 1837 1548 chartam
1858 1508 1945 1563 pul-

503 1569 704 1609 cherrimo
721 1581 922 1622 purpureo
937 1567 1071 1607 colore
1103 1564 1251 1606 inficit·
1279 1567 1412 1619 Qare
1430 1580 1549 1619 quum
1576 1566 1692 1606 hodie
1722 1579 1799 1605 non
1829 1566 1945 1619 plane

507 1636 645 1665 notum
663 1623 706 1663 sit
723 1654 732 1667 ‚
761 1638 810 1664 ex
826 1638 904 1676 quo
920 1620 1161 1676 potissimum
1185 1623 1502 1676 Conchyliorum
1526 1637 1664 1676 genere
1683 1624 1842 1663 Veteres
1860 1635 1947 1676 pre-

509 1681 650 1721 tiosum
670 1692 911 1733 purpureum
927 1677 1104 1717 colorem
1125 1688 1307 1729 pararent
1323 1707 1333 1722 ‚
1358 1691 1437 1729 quo
1456 1678 1611 1729 Regum
1628 1705 1639 1720 ‚
1663 1681 1705 1718 ὃς
1736 1680 1947 1731 Magnato-

503 1747 593 1776 *rum
619 1735 749 1775 vesteis
767 1733 994 1772 inficiebant
1011 1760 1020 1774 ,
1047 1734 1089 1771 ὃ(
1108 1745 1230 1785 quum
1244 1742 1353 1772 certo
1369 1731 1518 1772 constet
1534 1735 1573 1772 in
1590 1733 1664 1773 hac
1694 1746 1775 1774 arte
1799 1735 1945 1787 Tyrios

505 1795 547 1832 ὃς
565 1792 774 1831 Phoenices
799 1791 970 1844 Populos
987 1789 1262 1828 Mediterranei
1283 1790 1397 1826 maris
1427 1788 1580 1826 accolas
1612 1789 1855 1840 potissimum
1879 1804 1944 1829 ex-

505 1847 700 1892 celluiffe,
728 1848 836 1901 quod
868 1859 973 1886 mare
1001 1843 1054 1884 est
1082 1844 1185 1884 idem
1212 1857 1258 1882 ac
1280 1842 1450 1882 nostrum
1467 1872 1476 1886 ‚
1506 1842 1603 1882 istud
1627 1846 1731 1882 enim
1763 1845 1861 1884 illius
1892 1844 1946 1884 est

507 1906 630 1947 veluti
647 1905 876 1948 brachium3
906 1901 1091 1943 credibile
1119 1898 1195 1944 est,
1211 1898 1352 1954 Tyrios
1370 1897 1658 1952 Phoenicesque
1689 1899 1774 1939 illos
1797 1915 1846 1941 ex
1877 1915 1946 1940 va-

505 1965 566 2004 rio
581 1961 812 2005 Tui-binum,
831 1959 1055 2003 Buccinsim,
1072 1959 1114 1997 &
1129 1957 1298 1998 aliorum
1316 1955 1630 2009 Conchyliorum
1647 1970 1786 2009 genere
1796 1952 1945 2013 ¹purpu-

505 2034 617 2060 reum
640 2017 815 2059 colorem
834 2016 1001 2072 paraffe.
1033 2016 1284 2069 Qamquam
1314 2013 1431 2053 hodie
1461 2012 1657 2067 Purpurae
1687 2015 1845 2054 nomine
1862 2015 1942 2054 Na-

507 2076 641 2116 turalis
658 2077 713 2115 rei
729 2077 944 2128 Scriptores
975 2073 1167 2129 peculiare
1196 2070 1507 2125 Conchyliorum
1532 2083 1652 2124 genus
1684 2070 1910 2124 intelligant
1928 2098 1940 2114 ,

505 2136 616 2186 cujus
634 2134 764 2173 variae
781 2130 869 2172 sunt
883 2130 1025 2186 species
1042 2131 1161 2172 etiam
1179 2128 1285 2183 apud
1302 2140 1370 2168 nos
1387 2156 1397 2170 ,
1429 2139 1473 2167 ut
1487 2124 1743 2179 vulgatiilima
1760 2127 1824 2167 illa
1843 2126 1942 2166 Cur-

510 2189 672 2230 virostra
689 2189 795 2231 dicta
812 2217 822 2232 ,
847 2202 947 2242 quae
964 2202 1094 2230 tamen
1125 2185 1312 2228 nechilum
1329 2183 1487 2239 quidem
1505 2182 1696 2239 praeclari
1726 2182 1826 2223 illius
1843 2182 1945 2224 succi

503 2245 673 2287 ostendit
691 2273 697 2279 ·
725 2242 996 2287 confirmatur
1011 2246 1238 2297 conjectura
1255 2241 1382 2282 nostra
1402 2254 1452 2281 ex
1470 2255 1518 2281 eo
1533 2268 1542 2282 ,
1555 2240 1659 2293 quod
1683 2239 1780 2279 olim
1798 2241 1941 2280 Ancon

509 2317 666 2357 quoque
697 2303 786 2342 urbs
803 2304 912 2343 nobis
943 2318 1041 2360 pene
1070 2299 1237 2341 finitima
1263 2301 1475 2354 Purpureas
1506 2295 1637 2338 vesteis
1656 2298 1855 2351 tingebat,
1887 2309 1942 2336 at*

512 2374 586 2413 que
614 2373 658 2399 ea
688 2361 728 2398 in
752 2374 794 2399 re
822 2374 901 2400 non
928 2362 1054 2401 minus
1074 2373 1191 2413 quam
1208 2357 1417 2399 Phoenices
1446 2353 1507 2395 illi
1536 2365 1664 2409 patres
1697 2352 1942 2407 praestabat,

512 2428 558 2456 ut
587 2417 732 2458 cecinit
763 2416 877 2457 Silius
903 2418 1087 2459 Italicus:
1858 2468 1885 2507 S

1884 2478 1941 2508 tat
