2145 2910
493 198 1332 244 AESTVSMARITIMI
1572 210 1622 254 63

260 290 309 337 &
337 285 564 335 astendat.
605 283 768 350 Aquilo
796 298 978 338 contra,
1012 282 1241 333 &Circius
1265 281 1296 332 fi
1333 279 1506 330 violenti
1536 282 1618 333 sint

255 370 305 414 &
335 368 523 416 diuturni
555 383 673 414 mare
708 364 956 429 deprimunt
978 395 994 422 2
1022 368 1067 414 ὅ(
1099 367 1239 429 Syrtes
1273 364 1504 429 Breviaque
1529 379 1621 413 ma-

258 446 353 509 jora
383 448 500 512 apud
531 465 611 498 nos
644 445 891 511 producunt
909 479 921 493 .

617 569 1203 614 SCHOLIVM.

189 684 256 769 P
274 683 484 739 Ropofitio
514 686 610 726 haec
642 681 873 738 quibusdam
902 684 946 723 &
974 681 1136 736 quidem
1165 682 1315 736 magnis
1345 683 1435 723 viris
1466 680 1543 722 visa
1573 681 1626 722 est
1652 676 1932 753 ffffpstssl
1961 672 2137 727 ηκΧᾸ-νῆί

289 740 477 784 absurda,
506 742 618 782 Mare
653 741 803 780 scilicet
831 740 1051 780 Ventorum
1092 740 1285 790 majorum
1317 740 1356 779 vi
1388 752 1470 778 non
1510 738 1625 779 valde
1762 736 1773 752 '¹

183 797 352 840 mutari,
380 795 406 836 fi
423 796 565 837 aestum
581 797 689 837 suum
711 792 1015 836 confideremus.
1049 796 1201 835 Tamen
1218 793 1410 835 veriffima
1424 792 1476 833 est
1490 822 1500 836 ‚
1532 794 1639 834 nam*

187 865 237 890 ex
255 849 437 891 mensuris
455 881 465 896 ‚
483 852 620 906 quibus
639 862 815 905 tempore
832 853 1027 903 majorum
1045 852 1264 890 Ventorum
1277 880 1286 894 ‚
1302 853 1344 891 &
1359 849 1624 890 Procellarum

180 905 222 944 in
250 917 372 958 portu
401 907 532 947 nostro
561 908 704 960 pluries
736 903 789 945 usi
817 905 942 946 sumus
960 935 970 951 ,
1001 908 1257 960 cognovimus
1270 908 1380 947 Mare
1409 920 1489 945 non
1521 906 1623 945 mul-

178 969 265 1001 tum
295 971 389 1000 tunc
426 962 629 1002 ascendiffe
658 989 669 1004 ‚
713 961 774 1002 seu
811 975 890 1002 non
929 961 1098 1002 multum
1128 961 1270 1002 statum
1296 962 1404 1003 suum
1437 961 1623 1007 mutasse,

179 1031 298 1070 quem
316 1018 425 1057 Luna
440 1017 612 1073 praesens
637 1018 737 1058 illius
767 1020 956 1072 temporis
988 1018 1156 1059 ferebat·
1189 1019 1324 1071 Qtare
1353 1017 1379 1058 fi
1401 1020 1509 1058 Luna
1529 1030 1620 1057 tunc

176 1072 301 1112 fuiffet
331 1074 371 1112 in
388 1074 674 1124 Qtadraturis‚
701 1088 782 1114 non
812 1074 985 1114 elevatae
1016 1075 1057 1114 &
1081 1085 1298 1120 tumentes,
1330 1073 1391 1115 sed
1422 1076 1522 1113 imae
1552 1073 1620 1113 hu-

177 1126 359 1181 milesque
382 1130 640 1170 cernebantur
669 1144 791 1184 aquae
816 1157 824 1166 .
853 1132 978 1170 Ratio
1006 1129 1160 1183 hujusce
1190 1132 1246 1170 rei
1276 1130 1352 1171 est,
1384 1129 1490 1182 quod
1524 1130 1624 1168 Ven—

180 1185 212 1223 ti
239 1184 357 1223 nostri
377 1197 422 1224 ut
437 1196 480 1225 ut
496 1186 628 1239 magni
651 1187 695 1225 &
718 1187 881 1226 violenti
899 1185 985 1225 sunt
1001 1185 1149 1238 semper
1173 1187 1271 1224 mari
1299 1183 1428 1223 nostro
1445 1184 1623 1224 acciden-

179 1239 301 1284 tales,
329 1252 455 1292 neque
493 1240 659 1280 caussam
690 1241 795 1280 illam
821 1241 1042 1293 generalem
1072 1270 1081 1285 ‚
1111 1253 1209 1293 quae
1240 1254 1262 1278 a
1291 1239 1497 1293 Systemate
1530 1242 1623 1280 Vni-

173 1292 268 1335 verfi
296 1296 466 1350 pendet,
491 1297 623 1336 valent
652 1298 915 1336 interturbare
948 1322 957 1331 .
989 1297 1123 1347 Qare
1158 1297 1253 1335 dum
1280 1298 1390 1335 Mare
1421 1295 1522 1336 aestu
1554 1295 1621 1336 suo

175 1351 359 1404 procedit
373 1378 383 1393 ‚
411 1349 610 1405 superficie
627 1352 784 1405 quidem
803 1363 909 1391 tenus
935 1353 1055 1392 ventis
1075 1353 1286 1403 majoribus
1304 1350 1496 1407 crispatur
1514 1380 1523 1394 ‚
1559 1350 1622 1392 seu

178 1405 369 1451 fluctuat,
396 1406 459 1448 sed
489 1422 511 1447 a
538 1406 650 1448 cursu
682 1406 749 1447 suo
778 1408 948 1462 generali
972 1422 1051 1447 non
1084 1407 1336 1451 dimovetur3
1365 1408 1622 1461 quemadmo-

174 1462 266 1502 dum
296 1464 378 1503 Leo
405 1461 431 1504 fi
461 1472 621 1506 currat,
652 1465 767 1504 Venti
785 1463 941 1518 quidem
975 1463 1115 1516 Jubam
1133 1491 1142 1506 ‚
1176 1463 1339 1504 &Pilos
1357 1461 1549 1517 crispare,
1579 1464 1623 1504 ὃς

174 1520 374 1560 dimovere
406 1520 628 1573 paullulum
643 1520 799 1572 possunt
815 1548 824 1563 ‚
854 1534 875 1557 a
891 1519 1004 1559 cursu
1032 1532 1162 1559 tamen
1180 1520 1245 1559 suo
1262 1522 1395 1560 Feram
1412 1522 1622 1572 detorque-

174 1588 214 1612 re
245 1588 324 1613 non
354 1576 486 1615 valent
515 1589 526 1618 ;
564 1574 627 1614 vel
659 1574 794 1614 melius
819 1574 867 1613 ad
897 1588 979 1614 rem
1005 1574 1173 1614 nostram
1200 1603 1210 1617 ‚
1238 1573 1471 1617 fiTabulam
1514 1578 1619 1630 pica-

175 1641 258 1669 tam
274 1659 284 1674 ‚
316 1641 385 1670 aut
402 1641 572 1670 ceratam
589 1630 795 1670 habeamus
814 1657 823 1671 ‚
855 1644 938 1669 earn
955 1630 1113 1682 quidem
1129 1629 1259 1670 calore
1278 1645 1411 1670 manus
1427 1630 1593 1692 crispare
1607 1661 1618 1676 ‚

176 1684 239 1724 seu
267 1683 377 1724 sulcis
395 1684 625 1737 quibusdam
647 1699 836 1724 excavare
852 1684 1045 1737 possumus
1064 1713 1074 1726 ‚
1106 1686 1300 1724 invariato
1332 1696 1462 1725 tamen
1492 1687 1615 1726 tundo

176 1738 347 1780 Tabulae
381 1741 421 1779 ni
449 1738 624 1794 depresso
644 1769 655 1783 ,
693 1740 1025 1791 quemadmodum
1065 1739 1168 1793 frugi
1197 1741 1317 1782 Boves
1349 1752 1480 1781 aratro
1512 1755 1619 1782 cam-

174 1808 270 1847 pum
298 1795 409 1834 sulcis
438 1804 630 1833 excavant
652 1796 843 1833 invariata
873 1793 985 1833 fundi
1019 1797 1058 1833 ni
1090 1797 1299 1835 imminuta
1323 1797 1615 1850 profunditate·

176 1851 235 1888 Ita
250 1850 369 1889 Venti
392 1847 563 1902 crispant
593 1848 750 1900 quidem
779 1851 889 1888 Mare
919 1851 958 1887 in
989 1847 1186 1903 superficie
1204 1880 1213 1894 ,
1243 1854 1285 1890 &
1308 1851 1490 1892 mollibus
1506 1851 1613 1894 sulcis

174 1904 374 1959 complent
390 1933 400 1949 ,
430 1917 525 1957 quos
555 1901 749 1944 fluctus&
764 1905 882 1944 undas
906 1919 1089 1945 vocamus
1107 1933 1115 1946 ‚
1150 1918 1282 1946 tamen
1312 1922 1334 1946 a
1358 1906 1457 1947 statu
1475 1907 1540 1947 suo
1555 1924 1615 1964 ge-

176 1960 299 1999 nerali
328 1974 407 2000 non
423 1960 651 1999 dimovent.
681 1958 792 1999 Hanc
822 1962 1027 2000 veritatem
1057 1964 1250 2015 cognovit
1280 1964 1322 2003 δε
1352 1964 1515 2015 Joannes
1547 1966 1623 2009 AL·-

176 2014 341 2071 phonsus
359 2015 529 2057 Borellus
559 2029 718 2068 magnus
748 2016 1078 2060 Mathematicus,
1108 2020 1175 2070 qui
1207 2020 1246 2057 in
1270 2021 1441 2073 quodam
1475 2023 1616 2061 traca-a-

177 2083 221 2111 tu
249 2072 296 2112 de
324 2071 457 2113 Pisano
487 2071 620 2125 stagno
649 2072 696 2111 ad
728 2073 783 2111 M.
814 2074 867 2112 D·
899 2074 1072 2112 Etruriae
1109 2077 1180 2123 (a)
1210 2102 1219 2116 ‚
1246 2075 1367 2115 afferit
1394 2104 1404 2118 ‚
1432 2077 1544 2116 Mare
1573 2078 1612 2115 in

175 2130 321 2182 magnis
353 2127 531 2169 fluetibus
559 2127 682 2182 reipsa
710 2142 789 2167 non
819 2140 967 2169 tumere
992 2159 1002 2173 ‚
1033 2127 1094 2169 sed
1125 2129 1282 2183 crispari
1315 2144 1467 2173 tanturn
1486 2159 1495 2173 ‚
1529 2133 1611 2174 imo

176 2184 411 2238 quandoque
431 2185 622 2239 deprimi,
650 2198 773 2237 quum
801 2185 902 2224 inter
932 2199 1093 2238 magnos
1121 2186 1206 2225 illos
1238 2186 1376 2228 fluetus
1393 2200 1610 2242 appareant

175 2238 326 2294 scopuli
344 2242 385 2279 ὃ(
406 2240 547 2282 herbae
565 2240 621 2280 his
637 2240 831 2280 haerentes
847 2271 857 2285 ,
886 2256 984 2295 quae
1014 2254 1194 2295 tempore
1219 2245 1511 2298 tranquillitatis
1528 2275 1538 2289 ‚
1568 2247 1610 2285 ὃ(

173 2299 331 2350 majoris
346 2294 590 2352 depressionis
620 2311 700 2353 non
729 2298 999 2352 apparebant.
1030 2297 1205 2344 Tamen,
1235 2311 1279 2341 ut
1294 2315 1428 2341 verum
1460 2301 1606 2343 fatear,

1495 2358 1605 2397 Mare

213 2450 253 2483 (a)
272 2450 421 2480 Relazione
446 2451 524 2485 sopra
547 2453 574 2481 lo
600 2453 694 2490 stagno
705 2453 733 2491 di
747 2450 821 2492 Pisa.
841 2453 876 2481 In
898 2454 1045 2484 collefi‘ione
1062 2456 1215 2489 austerum,
1235 2457 1280 2490 qui
1300 2456 1331 2484 de
1353 2465 1422 2484 ,ποια
1442 2466 1532 2491 aquarn
1553 2466 1608 2492 ege-

319 2494 398 2514 runt.
421 2488 618 2524 Tom.1.rpag.
633 2487 901 2521 mshauffilormt.
918 2498 992 2523 1733-
