2145 2910
560 195 838 238 MINVS
895 192 1167 236 NOTIS
1527 204 1576 243 37

169 285 361 338 reperitur
390 281 495 335 apud
527 296 595 321 nos
626 281 719 321 licet
732 295 821 321 raro
837 282 987 320 Cancer
1014 279 1109 319 alius
1139 276 1301 318 hirsutus
1331 273 1468 319 valde,
1500 288 1575 313 ma.-

168 354 263 392 gnus
281 367 291 382 ,
309 336 486 392 globosus
503 365 512 379 ‚
531 339 637 390 niger
649 367 658 382 ‚
675 347 791 389 atque
807 346 894 375 toto
909 349 1077 388 corpore
1094 334 1272 374 horridus
1290 359 1299 373 ‚
1317 345 1430 384 quern
1449 329 1577 368 nescio

170 409 220 434 an
238 394 377 434 Vrsum
395 423 405 438 ,
433 391 508 432 sive
525 393 673 432 Malum
704 393 889 445 punicum
904 390 1132 431 Rondeletii
1145 390 1273 429 dicam
1288 418 1296 425 .
1324 383 1516 426 Globosus
1546 400 1579 424 e-

169 452 250 489 nim
266 448 318 489 est
345 451 561 502 &magnus
590 460 635 488 ut
651 448 798 488 Malum
827 448 1012 502 punicum
1042 444 1181 485 referre
1209 444 1410 485 videatur.
1441 444 1583 481 Secun-

166 506 221 544 do
238 505 328 544 loco
344 505 506 543 veniunt
523 501 810 557 frequentissimi
826 503 928 556 apud
945 516 1012 541 nos
1028 502 1172 541 Cancri
1192 500 1250 539 illi
1266 501 1430 550 majores
1445 525 1457 540 ,
1486 511 1584 550 quo-

172 574 259 599 rum
288 560 451 600 feminae
483 558 618 598 nostris
645 559 854 599 &Venetis
882 558 1069 598 Granceole
1096 556 1302 596 dicuntur,
1332 567 1430 606 quae
1451 554 1492 592 in
1520 566 1585 592 ex-

174 617 372 654 tremitate
403 615 548 654 caudae
573 616 640 655 ubi
669 628 746 654 ova
772 612 918 667 gestant
945 639 956 654 ‚
994 609 1222 664 personatae
1256 611 1299 649 ὃς
1327 607 1427 662 ipsae
1452 639 1459 647 .
1504 607 1583 646 Has

169 671 444 711 Aldrovandus
461 672 634 710 Cancros
652 671 775 720 Majas
791 695 802 710 ‚
832 667 892 708 seu
909 668 1080 721 Paguros
1096 664 1250 706 secundi
1266 666 1412 718 generis
1433 664 1584 704 vocita-

168 727 249 765 vit.
281 727 336 765 At
352 727 522 779 Pagurus
554 726 662 765 nobis
691 723 764 766 est,
795 724 1196 778 qui&Granciporr-o,
1224 723 1376 761 Cancer
1392 720 1487 760 alius
1504 733 1584 759 non

172 783 226 820 ita
242 795 401 833 magnus
419 811 429 826 ,
460 783 528 834 qui
556 779 683 820 fimilis
714 779 828 820 valde
843 778 895 818 est
909 780 1067 818 Cancro
1098 777 1302 820 fluviatili,
1336 775 1397 815 sed
1430 777 1582 827 major,

170 834 291 875 flavus
322 840 365 876 &
394 837 508 875 ruber
523 846 639 888 atque
657 835 809 889 punctis
833 835 950 887 nigris
980 843 1135 872 notatus
1166 864 1174 871 .
1204 833 1306 871 Huic
1323 832 1433 872 valde
1462 829 1584 871 affinis

171 890 225 929 est
241 892 393 931 Cancer
420 891 514 930 alius
531 890 708 944 subniger
725 917 735 931 ‚
766 888 831 929 sed
848 890 997 928 cortice
1012 888 1206 941 quadrato
1223 916 1230 924 .
1262 887 1338 927 Hic
1370 885 1517 939 semper
1533 886 1586 926 al-

170 955 257 984 tero
276 947 404 984 minor
427 944 480 984 est
498 973 505 981 .
538 946 680 998 Paguri
695 958 827 985 revera
843 944 928 983 sunt
943 954 1105 998 utraque
1132 944 1225 984 haec
1247 946 1492 983 Cancrorum
1521 956 1587 996 ge-

169 1014 262 1040 nera
280 1028 289 1042 ,
315 1005 436 1054 quum
451 998 617 1053 scopulis
634 1030 644 1044 ‚
675 998 859 1052 lignisque
887 997 1154 1040 aedificiorum
1179 1001 1468 1040 maritimorum
1491 996 1586 1037 sem-

171 1069 240 1110 per
272 1055 496 1095 inhaereant
513 1083 520 1090 .
552 1056 657 1094 Inter
674 1056 841 1095 minores
858 1057 1030 1095 Cancros
1046 1070 1166 1095 unum
1181 1055 1293 1096 semel
1316 1057 1447 1095 inveni
1462 1068 1587 1109 parvo

171 1125 340 1166 corpore
356 1139 366 1155 ,
397 1109 459 1149 sed
488 1108 709 1163 longissimis
739 1111 899 1163 pedibus
916 1139 927 1154 ‚
957 1122 999 1151 at
1014 1112 1253 1152 brevioribus
1270 1112 1386 1152 chelis
1404 1139 1414 1153 ‚
1445 1111 1512 1163 qui
1536 1109 1585 1147 ad

169 1168 342 1205 Cancros
359 1167 531 1205 Araneas
550 1196 560 1209 ,
591 1166 651 1204 vel
667 1166 715 1205 ad
734 1166 1013 1220 Brachychelas
1030 1167 1257 1206 Rondeletii
1279 1164 1412 1204 referri
1444 1163 1586 1216 posset.

170 1220 348 1261 Cancelli
381 1220 485 1274 apud
500 1234 570 1258 nos
601 1235 691 1259 raro
707 1233 923 1260 occurrunt
940 1249 948 1256 .
978 1222 1226 1272 Frequentius
1256 1220 1337 1259 vidi
1353 1221 1526 1258 Cancros
1544 1220 1587 1258 il·-

169 1276 227 1316 los
246 1277 426 1316 minimos
445 1302 456 1318 ‚
487 1276 555 1328 qui
572 1276 610 1314 in
627 1274 759 1315 alienis
774 1273 894 1315 Testis
913 1276 1052 1316 vivunt
1068 1305 1078 1320 ,
1103 1276 1151 1315 de
1167 1276 1306 1328 quibus
1331 1275 1586 1315 Rondeletius

171 1333 292 1373 Libro
308 1346 410 1373 xvrl
425 1346 454 1371 1.
471 1332 569 1386 Cap·
588 1344 653 1372 xv.
712 1321 916 1373 ῡᾳαίῑίῖκῧῡ(
949 1345 993 1367 α·
1013 1323 1137 1381 νιᾼπ
1157 1346 1266 1391 staff
1283 1321 1372 1374 *Zef-
1393 1326 1616 1383 J‘stwffqd‘

226 1389 297 1429 ΙΙΙ.
330 1389 365 1428 Si
382 1387 589 1428 methodus
622 1386 752 1439 aliqua
782 1387 1003 1428 adhibenda
1018 1387 1135 1433 esset,
1164 1403 1241 1442 qua
1269 1386 1487 1440 hujusmodi
1503 1382 1583 1426 ani-

173 1444 289 1485 malia
312 1446 352 1484 in
367 1456 491 1484 certas
509 1443 665 1483 Claffeis
683 1443 999 1484 distribuerentur
1016 1472 1026 1487 ,
1044 1456 1088 1484 ut
1102 1443 1279 1485 fecerunt
1295 1445 1473 1483 Botanici
1499 1443 1585 1482 her-

168 1502 233 1541 bas
265 1498 342 1540 suas
377 1501 476 1540 duce
491 1498 776 1540 Tournefortio
807 1530 816 1544 ‚
846 1499 1042 1541 Crustacei
1072 1499 1190 1555 pisces
1221 1500 1432 1540 commode
1465 1499 1587 1539 dividi

171 1555 320 1609 possent
349 1558 388 1595 in
402 1556 610 1596 Rotundos
642 1557 684 1595 &
713 1557 751 1595 in
768 1558 952 1609 Longos.
981 1557 1164 1596 Rotundi
1193 1554 1254 1597 seu
1282 1553 1432 1609 globosi
1463 1556 1591 1594 nomi-

171 1626 219 1650 ne
238 1613 416 1652 venirent
433 1612 580 1651 Cancri
595 1625 729 1652 omnes
748 1639 755 1646 .
786 1611 979 1662 Oblongis
996 1626 1089 1650 vero
1106 1610 1222 1650 effent
1235 1610 1517 1650 annumerandi
1532 1612 1588 1648 A-

172 1666 262 1706 staci
282 1697 292 1712 ,
322 1668 522 1706 Cammari
541 1696 549 1708 ‚
581 1666 774 1716 Squillae,
804 1667 846 1703 &
863 1666 960 1707 alia,
994 1679 1159 1717 quorum
1188 1668 1338 1705 varium
1366 1665 1418 1705 est
1434 1677 1587 1705 nomen.

172 1721 303 1760 Nostri
327 1720 485 1760 instituti
516 1720 637 1758 modo
656 1733 736 1758 non
765 1718 818 1758 est
838 1718 1134 1759 Crustaceorum
1162 1721 1391 1760 methodum
1421 1720 1589 1761 dare),

172 1777 301 1816 multo
331 1777 455 1814 minus
483 1789 621 1813 eorum
640 1773 838 1812 historiam
855 1773 1043 1813 scribere.
1075 1775 1219 1826 Aliqua
1248 1786 1376 1814 tamen
1393 1805 1403 1820 ‚
1428 1777 1525 1815 utin
1540 1773 1592 1814 su-

176 1831 391 1884 perioribus
423 1828 522 1872 feci,
554 1830 596 1866 ὃς
616 1827 700 1865 heic
730 1841 778 1866 ex
808 1827 983 1866 crustatis
999 1829 1179 1879 oblongis
1208 1830 1464 1873 memorabo,
1493 1844 1591 1883 quae

177 1886 280 1940 apud
298 1899 365 1924 nos
382 1893 597 1923 occurrunt
614 1913 622 1920 .
652 1883 784 1922 Primo
814 1882 906 1922 loco
935 1881 987 1921 est
1002 1882 1149 1936 Squilla
1165 1885 1310 1923 Mantis
1340 1883 1592 1937 frequentiffi-

176 1957 265 1983 ma,
297 1940 427 1980 Nocchz·
445 1967 454 1982 ‚
485 1938 707 1981 Cannocchi,
738 1939 780 1976 &
810 1939 1018 1993 Sparnocchi
1043 1938 1149 1978 Italis
1181 1939 1311 1979 dicsta.
1339 1939 1460 1993 Hujus
1489 1943 1593 1996 capi-

184 2008 243 2036 tur
262 1994 442 2036 immensa
472 1997 528 2035 vis
559 1995 663 2048 apud
695 2008 789 2033 nos.
819 1997 901 2034 Hae
930 1996 1022 2035 item
1051 1994 1218 2048 Squillae
1239 2011 1319 2036 non
1336 2008 1416 2036 tam
1432 1997 1500 2037 vili
1528 1998 1593 2036 ha-

183 2054 347 2098 bentur,
379 2063 422 2092 ut
438 2052 582 2090 Cancri
599 2078 608 2093 ‚
633 2048 858 2104 praesertim
883 2065 1015 2091 earum
1030 2050 1195 2091 feminae
1225 2052 1384 2106 quando
1413 2067 1502 2092 cum
1520 2052 1595 2092 foe-

179 2119 222 2149 tu
240 2108 344 2148 sunt.
376 2108 488 2149 Tunc
515 2109 617 2147 enim
645 2105 729 2161 post
746 2105 897 2146 Ostreas
926 2108 965 2146 in
986 2104 1119 2146 mensis
1148 2109 1290 2160 primas
1322 2119 1474 2148 tenent.
1505 2107 1594 2147 Post

184 2167 345 2206 veniunt
373 2163 539 2218 Squillae
570 2163 710 2217 gibbae
741 2193 750 2207 ,
783 2177 945 2216 quarum
982 2163 1085 2218 apud
1114 2177 1181 2203 nos
1215 2165 1289 2204 tria
1319 2164 1405 2204 sunt
1429 2179 1593 2218 genera;

181 2222 353 2261 Primum
380 2222 585 2260 minimum
602 2247 611 2261 ‚
642 2216 862 2259 viliffimum
879 2249 888 2264 ‚
905 2221 947 2259 ὅ(
963 2221 1090 2259 Manti
1107 2218 1219 2260 valde
1234 2218 1352 2260 fimile
1369 2252 1379 2265 ‚
1393 2221 1499 2274 quod
1515 2220 1596 2260 Pre-

180 2279 283 2331 gadio
300 2277 418 2330 vulgo
434 2276 654 2330 appellant.
688 2274 834 2328 Squilla
863 2275 956 2315 haec
986 2291 1007 2315 a
1031 2274 1285 2329 piscatoribus
1316 2287 1397 2316 rete
1427 2291 1505 2315 non
1533 2290 1595 2315 ca-

183 2334 291 2385 pitur
321 2349 330 2377 ;
369 2331 430 2372 sed
459 2347 563 2372 mare
593 2331 720 2372 mense
750 2331 897 2370 Martio
928 2330 1012 2386 post
1035 2331 1224 2387 procellas
1255 2335 1354 2372 inter
1381 2330 1594 2385 quisquilias

182 2389 310 2440 rejicit
328 2420 339 2435 .-
370 2389 472 2429 inter
503 2403 597 2443 quas
615 2403 636 2428 a
654 2386 800 2428 rusticis
832 2398 925 2427 tunc
943 2387 1144 2443 colligitur
1174 2390 1209 2428 in
1225 2403 1361 2430 eorum
1392 2390 1432 2428 &
1449 2401 1594 2440 paupe-

1505 2458 1588 2484 rum

1618 1310 1707 1359 xvh}
1734 1330 1742 1335 ·
