2125 2915
464 213 832 256 APPENDIX
876 211 1240 254 SECVNDA.
1461 225 1536 261 119

110 318 200 345 cum
230 304 330 357 gerit
357 303 615 356 nigricantem
632 301 753 340 Fucus
786 298 875 344 iste,
905 297 967 338 sed
994 295 1133 338 recisus
1163 297 1269 337 albus
1300 309 1465 351 apparet
1497 302 1535 339 in

110 371 221 413 parte
257 359 435 398 interiori
464 359 512 396 ad
542 373 576 397 a.
607 358 652 396 In
683 356 844 397 Trunco
862 353 965 409 ipso,
1010 355 1054 393 &
1084 368 1153 407 per
1183 353 1374 393 Ramulos
1401 353 1535 402 foliola

109 429 231 468 parva
260 423 450 466 apparent
476 411 630 466 hispida
652 413 907 453 atrovirentia
924 440 934 455 ‚
963 420 1009 449 ut
1038 410 1182 450 accidit
1210 410 1309 449 Pino
1337 413 1506 451 marinae
1523 439 1535 455 ,

109 470 267 522 quando
294 467 508 509 exsiccatur
524 499 535 514 ,
564 483 663 522 quae
679 477 761 508 atra
775 465 821 508 fit
837 495 844 502 ·
877 465 950 506 Sed
967 464 1120 507 fortaffe
1137 466 1255 504 Fucus
1270 464 1336 505 iste
1362 467 1410 505 ab
1426 468 1535 519 aquis

109 538 240 565 recens
258 525 419 564 eductus
450 526 525 564 erit
540 524 728 567 virascens
745 551 755 571 ‚
787 534 831 564 ut
852 521 905 562 est
924 522 1061 565 Pinus,
1092 523 1134 561 ὅτ.
1193 535 1329 562 uercus
1358 524 1530 566 marina,

108 594 206 634 quae
222 578 430 623 exsiccatae
447 584 705 623 atrovirentes
720 576 820 620 fiunt
837 610 845 618 .

897 698 1369 708 ———.——.-——-——
1377 698 1535 710 ——.

109 736 423 744 —————
1055 733 1369 741 ——-——
1378 733 1534 741 -—.—.

378 811 618 852 NOTAE
663 808 1265 861 ADDITIONESQVE

106 914 200 967 Pag.
221 919 283 960 87.
301 916 366 953 lin.
378 929 415 961 4.
433 914 519 968 post
533 916 582 955 ad
599 917 757 969 Vngues
782 914 964 955 odoratas
981 945 991 959 ,
1007 912 1069 954 seu
1085 915 1333 955 Aromaticas
1348 915 1538 956 Officina-

164 984 255 1010 rum
285 969 384 1010 adde
401 985 409 1010 :
440 972 566 1010 Etiam
581 970 772 1012 Turbines
785 970 1119 1024 Teffaradac'tylos
1137 1001 1147 1017 ‚
1172 974 1216 1013 ὃς
1233 972 1537 1026 Pentadadtylos

163 1025 314 1066 claudit
342 1025 588 1080 Operculum
621 1041 809 1068 corneum
829 1026 1051 1081 ellipticum
1066 1055 1077 1071 ‚
1110 1041 1275 1069 curvum
1293 1058 1304 1074 ‚
1335 1030 1378 1068 ὃς
1394 1042 1538 1082 parvae

162 1081 275 1121 molis
291 1111 301 1126 ,
333 1082 440 1135 quod
470 1083 519 1122 ad
543 1083 697 1137 Vngues
722 1084 803 1123 illas
826 1085 1116 1138 Vnguentarias
1140 1085 1344 1125 amandari
1363 1087 1512 1140 poterit
1527 1111 1536 1121 ·

163 1137 388 1176 Gualterius
416 1138 620 1178 Strombos
643 1150 764 1179 vocat
781 1140 859 1178 &c-

105 1193 199 1244 Pag-
215 1205 236 1239 9
244 1205 278 1242 3.
297 1192 364 1231 lin.
380 1206 415 1241 9.
432 1195 571 1248 Ingens
586 1195 670 1235 Pila
687 1196 875 1249 scribatur
890 1198 1024 1250 ingens
1040 1196 1258 1250 Stylobates
1275 1222 1283 1230 ·

104 1247 259 1286 Ibidem
274 1248 315 1286 in
330 1246 407 1288 fine
417 1250 714 1294 Additamenti,
732 1254 774 1291 ὅ(
792 1251 868 1290 hoc
885 1252 1076 1293 addatur,-

104 1303 123 1337 ἕ
151 1303 373 1343 Vitalianus
406 1306 584 1345 Donatus
614 1309 652 1346 in
683 1305 891 1360 specimine
920 1306 1110 1347 Historiae
1139 1308 1260 1349 Maris
1291 1310 1510 1350 Hadriatici
1527 1342 1538 1357 ,

163 1357 271 1409 quod
296 1359 345 1398 ad
362 1359 582 1400 Antonium
612 1364 851 1415 Leprottum
881 1361 1083 1417 scripserat
1100 1392 1110 1406 ‚
1136 1363 1198 1404 sed
1215 1367 1323 1417 quod
1350 1365 1413 1406 sex
1429 1369 1536 1407 annis

165 1423 323 1451 tantum
345 1415 432 1464 post
455 1418 611 1457 obitum
638 1417 807 1470 ejusdem
823 1420 1006 1474 Leprotti
1036 1421 1185 1461 editum
1216 1422 1290 1462 fuit
1310 1423 1408 1463 Tab.
1427 1424 1537 1463 VIII.

163 1466 230 1508 sub
246 1469 394 1508 Littera
410 1471 457 1508 G.
475 1470 641 1521 figuram
656 1476 769 1521 ponit
793 1475 944 1515 vermis
966 1475 1079 1528 hujus
1096 1475 1216 1518 nostri
1234 1477 1367 1518 serrati
1383 1508 1393 1523 ‚
1423 1493 1540 1533 quem

166 1523 350 1562 describit
367 1537 453 1575 pag.
472 1537 536 1560 Lx.
552 1525 594 1560 &
611 1525 712 1562 intra
728 1522 968 1577 Alcyonium
986 1531 1097 1571 illud,
1116 1535 1224 1581 quod
1240 1535 1411 1583 primum
1427 1535 1540 1574 Dios.

166 1578 310 1615 coridis
336 1587 454 1616 vocat
471 1606 480 1621 ‚
503 1575 671 1617 crescere
703 1578 747 1616 &
775 1578 966 1633 hospitari
983 1582 1107 1628 dicit,
1133 1587 1241 1637 quod
1269 1601 1390 1627 unum
1417 1603 1465 1629 ex
1482 1591 1539 1631 his

167 1632 373 1672 Vermibus
399 1633 501 1671 intra
519 1632 759 1688 Alcyonium
787 1634 885 1676 illud
903 1635 1180 1680 foraminosum
1208 1643 1258 1681 ab
1273 1657 1320 1682 eo
1336 1643 1538 1687 dissectum

170 1689 363 1728 invenerit
379 1719 387 1732 ‚
409 1688 515 1742 quod
533 1689 775 1742 Alcyonium
793 1690 860 1731 sub
877 1690 1002 1747 figura
1021 1695 1058 1733 B.
1079 1697 1231 1749 pinxit·
1250 1699 1395 1740 Verum
1414 1702 1455 1740 id
1470 1717 1540 1757 per

169 1744 347 1784 accidens
365 1744 440 1784 fuit
457 1775 467 1790 ,
493 1759 580 1785 nam
596 1747 748 1787 Vermis
777 1746 843 1786 iste
859 1749 1084 1804 Petrobryis
1109 1767 1198 1793 cum
1229 1752 1291 1794 sua
1306 1758 1447 1810 vagina
1471 1772 1540 1798 co-

168 1801 293 1839 riacea
311 1801 530 1840 adnascitur
545 1828 555 1843 ,
572 1811 614 1840 ut
628 1800 738 1855 saepe
752 1802 958 1852 observavi
974 1833 985 1849 ‚
1009 1809 1051 1847 &
1069 1810 1171 1849 inter
1185 1811 1402 1865 Petrobrya
1426 1827 1536 1867 gran-

169 1855 257 1895 dior
288 1855 410 1894 fastus
435 1856 669 1908 plerumque
694 1868 895 1899 moratur.

587 2096 731 2192 2²38}
918 2103 1063 2198 ³³4²}ss

1437 2472 1535 2515 EX-
