2125 2915
604 217 682 252 104
924 210 1299 251 APPENDIX
1361 211 1714 254 SECVNDA.

594 296 639 335 &
669 295 821 351 reliqua
857 297 941 338 sunt
970 295 1118 352 figurae
1136 297 1333 340 Prismatis
1350 298 1641 354 Triangularis.
1658 301 1781 346 Cibus
1800 300 1913 354 hujus
1930 302 2040 343 Con-

596 352 717 408 chylii
747 368 827 393 non
855 354 908 395 est
926 352 1059 396 succus
1077 355 1281 411 Favaginis
1298 387 1308 403 ,
1341 368 1386 399 ut
1414 358 1677 400 arbitrabatur
1702 360 1915 400 Zinannius
1932 385 1942 401 ,
1975 359 2038 399 sed

594 406 683 448 sunt
711 411 874 452 Cornua
898 411 1154 455 Hammonis,
1187 411 1249 454 {eu
1281 413 1540 461 Nautiliilli‚
1571 430 1667 470 quos
1699 413 1767 456 sub
1793 413 1855 469 fig.
1875 416 1926 456 11.
1958 415 2039 457 Ta-

593 464 708 506 bulae
739 469 768 508 I.
795 470 939 523 prioris
968 469 1151 510 editionis
1181 469 1363 528 descripsi
1381 500 1391 515 ‚
1423 469 1610 514 refertum
1637 474 1742 513 enim
1774 486 1914 513 eorum
1945 487 2038 512 ven-

595 531 695 562 trem
724 524 948 578 hujusmodi
976 526 1148 568 Nautilis
1177 530 1333 583 reperi;
1363 542 1484 583 quare
1515 528 1665 570 fortaffe
1693 531 1769 569 tria
1799 529 1866 569 illa
1898 527 2037 569 ossicu-

594 577 632 618 la
657 594 679 618 a
711 580 866 623 Natura
895 582 990 624 data
1019 582 1105 624 sunt
1134 584 1226 626 huic
1257 586 1484 641 Conchylio
1515 586 1565 626 ad
1589 587 1880 627 triturationem
1911 583 2039 638 hujus-

593 635 703 675 modi
732 638 812 679 cibi
843 639 932 680 duri
970 641 1128 696 quidem
1147 670 1156 685 ‚
1189 644 1232 682 &
1262 640 1341 683 sere
1372 642 1543 699 lapidei.
1589 642 1804 685 Diffecstum
1833 643 1909 684 hoc
1941 643 2039 683 Ani-

592 690 672 731 mal
704 693 850 748 digitos
893 695 1076 752 sanguine
1107 696 1256 745 inficit,
1299 702 1342 740 &
1371 699 1462 741 ideo
1493 715 1516 740 a
1547 701 1741 741 Zinannio
1773 698 2038 754 Sanguisuga‚

591 746 655 789 seu
687 749 845 794 Hirudo
875 755 1180 810 appellabatur,
1210 767 1250 797 at
1280 754 1429 812 sanguis
1456 759 1496 797 in
1511 760 1590 811 ejus
1622 759 1730 799 venis
1763 760 1938 813 gignitur
1956 785 1965 799 ,
1994 757 2038 795 δε

593 820 673 847 non
693 823 762 850 ore
790 808 930 865 sugunt
949 840 957 849 .

710 867 761 906 ΙΙ.
804 868 927 909 Nucis
951 870 1126 912 marinae
1155 871 1365 912 Gualterio
1382 902 1391 916 ,
1421 872 1463 911 &
1479 871 1643 925 Jujubae
1669 872 1841 911 marinae
1870 870 2009 912 nostris
2025 902 2036 917 ,

592 923 655 966 seu
679 925 869 966 conchae
892 937 1063 983 utroque
1078 927 1201 969 latere
1231 926 1265 969 se
1292 928 1515 983 colligentis
1535 929 1639 969 Fabii
1662 929 1881 969 Columnae
1896 929 2037 969 Trium

591 980 847 1024 officulorum
890 981 1032 1039 figuras
1076 985 1163 1026 heic
1194 986 1331 1026 damus
1349 1014 1358 1029 ‚
1400 1000 1500 1042 quae
1528 987 1661 1026 omnia
1704 986 1899 1040 triquetra
1919 1012 1929 1028 ‚
1973 983 2035 1024 seu

592 1040 852 1095 triangularia
868 1073 878 1087 ,
909 1053 978 1083 aut
1010 1042 1274 1098 pyramidalia
1302 1041 1414 1086 sunt,
1434 1045 1476 1083 &
1493 1044 1610 1098 nigro
1635 1041 1770 1082 colore
1802 1041 1951 1081 donata
1969 1039 2036 1082 sub

591 1098 753 1138 Litteris
785 1113 833 1137 m-
867 1115 892 1139 ο.
920 1115 954 1139 n.
984 1100 1084 1141 Tab.
1104 1100 1172 1139 XI·
1198 1099 1399 1154 expreffa;
1430 1099 1652 1140 notandum
1672 1097 1725 1138 est
1743 1097 1839 1138 illud
1857 1097 1990 1138 littera
2007 1114 2034 1138 o.

592 1165 778 1194 notatum
812 1154 882 1196 esse
914 1157 1100 1197 naturalis
1133 1157 1442 1212 magnitudinis,
1473 1157 1554 1196 duo
1579 1154 1732 1210 reliqua
1764 1156 1804 1194 in
1837 1165 1952 1209 parte
1969 1169 2037 1194 an-

593 1211 757 1254 teriori,
788 1213 831 1250 &
861 1213 991 1253 aversa
1026 1215 1209 1268 depi<⁰ca‚
1257 1214 1361 1254 lente
1391 1215 1517 1254 vitrea
1557 1211 1664 1253 fuisse
1693 1213 1834 1252 aurfta·
1867 1210 2036 1254 Diffee’ca

592 1267 701 1306 Caro
726 1266 838 1319 hujus
855 1269 1042 1308 Conchae
1060 1268 1246 1324 sanguine
1263 1269 1388 1310 inficit
1404 1271 1552 1322 digitos
1570 1270 1688 1308 uti&
1704 1267 1878 1322 superior
1896 1298 1904 1306 .

651 1323 724 1363 ΙΙΙ.
756 1325 865 1364 Dum
881 1324 976 1365 haec
991 1326 1207 1366 edebantur
1236 1327 1355 1367 allata
1373 1325 1459 1366 sunt
1487 1325 1599 1365 nobis
1619 1326 1694 1364 tria
1709 1323 1893 1377 exempla
1912 1326 2037 1366 Nucis

598 1379 800 1434 cujusdam
821 1383 995 1422 marinae
1020 1384 1179 1436 majoris
1194 1413 1204 1427 ,
1231 1397 1331 1437 quae
1358 1384 1397 1421 in
1413 1382 1549 1421 Indice
1567 1380 1828 1421 Gualteriano
1853 1379 2038 1435 ampliss-

594 1451 663 1478 mo
680 1436 782 1478 deest
798 1466 808 1479 ,
825 1440 869 1479 ὃ(
885 1454 984 1492 quae
1000 1437 1288 1480 fimilitudinem
1305 1438 1517 1492 quamdam
1534 1437 1652 1478 habet
1667 1452 1757 1478 cum
1774 1439 1889 1479 tertia
1910 1440 1949 1479 P.
1963 1440 2038 1480 Bo-

596 1495 715 1533 nanni
740 1495 781 1534 in
798 1493 915 1536 Claffi
941 1496 988 1536 de
1004 1496 1232 1537 Turbinatis
1262 1495 1462 1535 collocata
1478 1525 1486 1533 .
1517 1494 1645 1536 Valde
1670 1494 1809 1548 patula
1831 1494 1884 1534 est
1909 1497 1947 1534 in
1971 1510 2036 1537 ex..

595 1552 796 1590 tremitate
814 1579 822 1592 ,
853 1563 898 1590 ut
915 1567 990 1606 pro
1006 1552 1217 1591 Cochleari
1242 1551 1455 1588 commode
1470 1551 1646 1588 adhiberi
1661 1549 1799 1599 point,
1828 1550 1931 1591 unde
1955 1552 2036 1592 for-

593 1605 682 1646 taffe
697 1606 934 1647 Cochlearia
963 1620 1110 1646 nomen
1141 1603 1382 1660 sumpserunt
1402 1632 1409 1639 -
1442 1605 1551 1643 Intus
1568 1601 1757 1642 albiffima
1770 1603 1823 1642 est
1839 1632 1848 1646 ‚
1883 1604 1948 1645 sed
1971 1621 2037 1647 ex-

594 1661 779 1703 trinsecus
797 1662 931 1703 viridis
947 1663 1094 1703 coloris
1113 1690 1122 1705 ‚
1146 1663 1189 1701 &
1218 1659 1359 1717 rugosa
1389 1661 1494 1715 rugis
1526 1658 1754 1714 spiralibus,
1782 1658 1845 1701 sed
1872 1662 1973 1702 inter
2001 1662 2037 1703 se

591 1718 788 1775 parallelis
807 1747 814 1755 -
893 1734 984 1760 uare
1001 1731 1116 1774 patet
1132 1718 1406 1759 Hadriaticum
1423 1731 1528 1757 mare
1544 1731 1661 1772 genus
1679 1731 1778 1771 pene
1792 1732 1909 1759 omne
1926 1720 2033 1759 Con-

592 1775 758 1819 charum
773 1805 784 1819 ‚
814 1777 857 1816 &
873 1792 895 1817 a
914 1778 1039 1818 iarum
1057 1778 1292 1817 marinarum
1311 1777 1459 1816 Rerum
1475 1773 1718 1815 summittere
1731 1805 1741 1820 ,
1767 1786 1813 1815 ut
1828 1775 2034 1817 adnotavit

591 1832 789 1874 Allionius
820 1832 948 1874 noster
973 1835 1013 1872 in
1029 1832 1355 1887 Oryd'cographia
1379 1830 1672 1872 pedemontana
1697 1831 1787 1872 sua.

951 2056 1411 2122 CAPVT
1513 2019 1770 2115 xrs*

837 2183 1111 2224 Tuum
1158 2187 1450 2223 rasonis».
1495 2192 1779 2220 Brcavni.

591 2288 698 2376 H
716 2289 799 2331 Aee
828 2305 986 2348 quoque
1016 2291 1183 2332 Concha
1213 2306 1235 2331 a
1264 2289 1385 2356 valvis
1409 2289 1481 2332 suis
1506 2302 1586 2330 non
1611 2289 1777 2328 omnino
1801 2285 1999 2328 clauditur
2016 2316 2026 2331 .

730 2359 774 2389 ut
795 2363 874 2389 non
906 2350 1143 2391 clauduntur
1175 2347 1391 2404 superiores
1408 2345 1594 2389 Conchae
1612 2344 1861 2400 Amygdalae
1885 2345 1929 2384 &
1945 2346 2028 2386 Nu-

589 2418 652 2445 ces
682 2405 814 2448 dictae
836 2436 842 2442 -
861 2407 1022 2450 Bivalva
1054 2406 1151 2448 haec
1181 2405 1234 2448 est
1259 2404 1458 2460 ellipticae
1476 2401 1622 2458 figurae
1638 2431 1648 2447 ‚
1677 2404 1721 2444 &
1745 2402 1895 2444 zonulis
1924 2403 2030 2465 cine-

1944 2470 2030 2500 terso
