2145 2910
44 1610 349 1694 (117307791211
362 1615 457 1661 «ιζ.
482 1635 492 1645 ·

54 2321 315 2398 &qo-‘092
349 2300 509 2370 ‘ao-Li

542 205 594 240 70
872 174 1559 235 'SPECIMEN

539 293 586 321 ne
611 278 736 320 Maria
764 277 880 320 Cella
898 307 907 325 ,
940 278 1027 320 viro
1054 278 1095 318 in
1124 277 1415 321 mathematicis
1445 281 1604 323 erudito
1635 312 1646 328 ,
1675 285 1743 338 qui
1778 283 1999 328 nostrorum

538 334 753 377 studiorum
785 335 1006 388 adjutorem
1037 335 1252 378 liberaliter
1274 337 1471 379 interdum
1497 336 1532 380 se
1548 340 1709 394 praebet
1727 367 1736 382 ‚
1752 340 1898 382 Lutum
1914 342 2000 384 Fiu-

542 394 655 434 minis
687 391 807 434 nostri
825 393 863 432 in
881 392 1139 433 alluvionibus
1155 392 1364 435 adved'tum
1382 425 1392 440 ,
1422 394 1493 436 effe
1523 410 1645 451 aquae
1660 396 1888 438 advehentis
1915 411 1998 454 par-

540 461 617 489 tem
645 450 694 490 ad
725 450 850 490 minus
883 448 1079 490 decimam
1109 448 1339 506 septimam;
1365 464 1456 493 narn
1478 466 1528 494 ex
1554 454 1675 494 unciis
1706 468 1782 494 una
1813 457 1855 496 &
1884 457 1998 510 quin-

538 509 726 560 quaginta
758 518 881 558 aquae
919 518 1037 559 quam
1078 516 1168 547 ante
1206 507 1312 548 diem
1344 521 1383 548 x.
1412 508 1592 551 calendas
1630 510 1854 552 Februarias
1893 526 1998 554 anno

539 561 672 616 elapso
719 573 1066 603 cIOIDCCXXXVII.
1113 564 1152 604 in
1198 563 1328 606 nostro
1365 563 1523 608 flumine
1559 567 1731 608 Arimini
1759 567 1878 609 hodie
1915 567 1997 611 vul-

534 632 586 673 go
615 618 827 659 Mariculae
859 628 1039 674 tempore
1066 622 1222 674 majoris
1247 622 1522 665 exundationis
1555 621 1748 666 sumfirnus
1766 654 1775 669 ‚
1810 625 1900 665 treis
1931 640 1997 666 une

533 676 609 715 cias
635 675 678 714 &
704 675 870 730 amplius
898 675 973 717 luti
998 675 1205 719 tenuissimi
1238 680 1281 721 ὃς
1307 681 1432 734 probe
1468 679 1650 722 exsiccati
1688 682 1904 722 invenimus
1935 696 1997 723 re-

532 729 729 778 mansisse,
760 733 803 772 &
828 743 960 774 tamen
990 747 1110 787 quarn
1148 733 1346 777 sumsimus
1383 751 1550 793 aquam,
1579 751 1658 779 non
1682 739 1720 779 in
1747 739 1880 779 medio
1910 752 1998 779 cur-

530 786 570 829 su
597 786 767 829 fluminis
784 817 794 832 ‚
833 803 958 844 neque
989 792 1028 830 in
1058 791 1150 831 loco
1174 795 1252 844 ejus
1279 792 1554 847 profundiori,
1584 793 1646 835 sed
1671 806 1783 834 extra
1801 794 1906 848 ripas
1923 821 1934 836 ,
1955 794 1999 835 &

530 847 570 885 in
598 842 801 902 superficie
837 843 1060 886 sumsimus.
1092 847 1229 900 Qiare
1260 858 1372 903 patet
1391 851 1559 892 Lutum,
1586 850 1647 890 seu
1668 850 1824 892 Limum
1856 852 1896 891 in
1913 850 1998 892 Flu-

531 903 635 943 mine
667 901 798 944 nostro
828 902 900 945 esse
923 903 973 944 ad
1004 905 1084 958 ejus
1116 918 1258 960 aquam
1285 905 1333 946 ad
1359 907 1513 952 minus,
1539 918 1584 947 ut
1625 921 1654 947 1.
1686 906 1733 946 ad
1763 919 1869 947 xvn.
1900 906 1998 947 Dixi

530 959 580 1000 ad
613 962 739 1001 minus
775 990 785 1006 ,
815 975 905 1002 nam
931 958 959 1003 fi
990 975 1090 1016 aqua
1120 960 1335 1004 sumeretur
1360 964 1400 1003 in
1430 964 1550 1020 pleno
1580 961 1694 1003 cursu
1726 961 1894 1004 fluminis
1916 992 1927 1008 ,
1954 963 1999 1005 δε

531 1029 659 1072 prope
689 1015 853 1059 fundum
870 1046 881 1062 ‚
906 1021 1034 1073 major
1062 1016 1189 1060 adhuc
1221 1017 1311 1061 effet
1332 1020 1572 1077 proportio.
1599 1020 1877 1060 Praetermitto
1906 1018 1994 1060 heic

530 1074 648 1114 etiam
679 1075 986 1128 proportionem
1016 1088 1137 1130 quam
1166 1075 1284 1117 habet
1315 1077 1510 1132 reliquum
1533 1075 1798 1118 Sedimentum
1817 1102 1826 1117 ‚
1861 1076 1996 1117 Arena

528 1126 678 1170 scilieet
706 1131 908 1174 &Glarea
925 1134 1102 1187 Saxaque
1133 1130 1244 1189 ipsa,
1269 1147 1360 1174 cum
1391 1148 1492 1188 aqua.
1522 1160 1533 1176 ‚
1577 1145 1666 1172 nam
1700 1129 1837 1173 fluvius
1867 1131 1994 1174 noster

531 1198 611 1225 non
643 1185 770 1226 lutum
801 1199 955 1229 tantum
988 1216 999 1232 ‚
1026 1189 1088 1231 seu
1121 1188 1257 1231 limum
1289 1189 1447 1232 advehit
1470 1219 1481 1236 ,
1510 1188 1574 1231 sed
1604 1202 1736 1229 arenas
1767 1186 1992 1243 glareasque

532 1240 675 1282 multas
704 1255 782 1282 una
815 1257 906 1283 cum
936 1245 1147 1297 majoribus
1178 1245 1300 1292 saxis,
1331 1260 1458 1300 quae,
1486 1256 1533 1286 ut
1549 1254 1661 1300 patet
1693 1257 1742 1285 ex
1774 1243 1991 1285 sedimento

531 1299 676 1353 prioris
705 1298 754 1340 ad
784 1299 988 1341 dexteram
1005 1328 1016 1343 ‚
1046 1300 1089 1340 &
1115 1314 1164 1342 ex
1187 1316 1330 1357 aggere
1346 1302 1415 1344 illo
1431 1314 1574 1356 magno
1598 1299 1823 1355 posterioris
1839 1300 1887 1341 aci
1904 1298 1993 1342 smi-

529 1353 645 1396 stram
677 1383 688 1398 ‚
728 1358 942 1398 maximam
982 1354 1145 1413 quisque
1184 1356 1369 1400 fatebitur
1398 1358 1701 1415 proportionem
1731 1356 1993 1399 sedimentum

530 1410 750 1453 universum
790 1427 881 1454 cum
909 1427 1010 1468 aqua
1039 1413 1181 1457 habere
1211 1441 1220 1450 ·
1267 1415 1388 1457 Addo
1418 1414 1505 1456 heic
1543 1426 1699 1455 tantum
1733 1412 1992 1456 sedimentum

530 1469 692 1523 vuigare
717 1467 778 1510 seu
806 1468 986 1512 limosum
1015 1469 1135 1512 nostri
1164 1468 1333 1512 fluminis
1365 1472 1626 1527 proportione
1657 1472 1870 1512 convenire
1899 1485 1992 1512 cum

526 1521 743 1567 sedimento
772 1527 891 1568 Naris
907 1556 917 1571 ,
941 1528 1048 1581 quod
1064 1539 1113 1566 ex
1127 1524 1461 1566 observationibus
1478 1527 1676 1577 Onuphrii
1693 1525 1850 1567 castelli
1867 1530 1880 1574 (
1897 1540 1992 1580 quas

529 1591 661 1622 tamen
686 1580 939 1622 Bononienses
964 1582 1092 1627 rudeis
1122 1579 1328 1636 appellant
1345 1585 1360 1629 )
1376 1578 1429 1620 est
1460 1593 1547 1634 pars
1572 1578 1833 1621 decimasexta
1858 1594 1869 1627 ς
1899 1594 1994 1636 qua-

526 1651 569 1678 re
601 1639 726 1678 variat
756 1637 926 1678 multum
955 1651 978 1677 a
1007 1635 1226 1678 sedimento
1259 1637 1352 1677 item
1384 1634 1524 1678 limoso
1556 1635 1686 1676 Rheni
1711 1635 1990 1684 Bononiensis3

524 1707 617 1734 narn
647 1694 705 1735 uti
737 1691 961 1735 solemniter
990 1691 1439 1743 observarunt(a)ante
1467 1693 1573 1735 diem
1603 1689 1677 1735 ΠΠ,
1711 1693 1892 1735 calendas
1925 1693 1991 1736 Fe-

525 1750 697 1792 bruarias
729 1764 835 1791 anno
861 1763 1110 1791 emmonim.
1139 1751 1268 1792 lutum
1306 1750 1438 1792 Rheni
1470 1747 1716 1792 Bononiensis
1750 1748 1804 1791 est
1829 1749 1878 1792 ad
1910 1752 1989 1806 ejus

526 1821 669 1861 aquam
687 1838 697 1853 .
725 1818 771 1848 ut
794 1821 824 1847 1.
853 1808 903 1848 ad
934 1820 1086 1845 chxv.
1114 1807 1241 1846 decies
1267 1804 1413 1844 scilicet
1447 1808 1574 1845 minus
1601 1808 1644 1846 &
1674 1807 1842 1858 amplius
1901 1810 1991 1850 uam

526 1862 700 1904 nostrum
717 1864 761 1903 δε
775 1862 890 1902 Naris
906 1875 917 1906 ;
945 1860 1057 1915 quod
1082 1860 1252 1901 multum
1268 1860 1380 1901 vaide
1394 1859 1448 1901 est
1463 1890 1471 1899 .
1498 1861 1542 1900 Et
1557 1861 1715 1914 quidem
1734 1860 1858 1902 fateor
1873 1822 1900 1903 si
1916 1861 1990 1904 ob-

526 1916 759 1960 servationes
788 1915 877 1959 iliae
908 1932 983 1974 pro
1015 1914 1316 1958 Bononiensibus
1333 1930 1411 1957 non
1429 1928 1510 1958 tam
1525 1915 1747 1958 solemniter
1764 1915 1916 1960 fuiffent
1931 1919 1989 1959 in-

526 1974 686 2016 stitutae
702 2005 713 2021 ,
744 1972 956 2030 suspicarer
972 1973 1121 2029 aliquid
1135 1972 1289 2014 subdoli
1314 1975 1353 2013 in
1375 1973 1449 2014 illis
1466 1974 1589 2014 latere
1606 2000 1615 2016 ‚
1649 1972 1756 2026 quod
1774 1987 1796 2014 a
1812 1976 1989 2029 partium

528 2030 655 2075 studio
671 2030 762 2073 esset
777 2030 998 2088 profecitum
1016 2058 1026 2073 ‚
1057 2031 1100 2070 ἅ
1117 2029 1225 2086 quod
1242 2030 1296 2071 rei
1313 2043 1431 2084 quam
1448 2031 1640 2084 parabant
1659 2029 1915 2072 Bononienses
1932 2030 1988 2074 fa-

528 2100 666 2131 veret.
696 2089 843 2130 verum
874 2087 931 2129 his
962 2084 1076 2129 missis
1107 2097 1218 2142 patet
1248 2101 1354 2128 mare
1383 2086 1555 2129 nostrum
1584 2100 1633 2129 ex
1664 2088 1804 2128 crebro
1828 2086 1985 2131 affluxu

528 2146 742 2189 Sedimenti
774 2144 957 2186 terrestris
1000 2158 1051 2186 ex
1093 2142 1317 2187 fluminibus
1350 2155 1430 2185 tam
1460 2142 1619 2201 copiose
1648 2144 1803 2185 advee‘ii
1834 2145 1873 2185 in
1905 2145 1985 2185 dies

530 2203 688 2245 attolli·
714 2203 780 2245 An
809 2202 849 2243 id
874 2203 994 2243 etiam
1011 2203 1166 2244 eveniat
1182 2230 1193 2245 ‚
1224 2201 1331 2257 quod
1361 2203 1496 2243 omnia
1524 2198 1653 2242 sensim
1672 2229 1682 2244 ‚
1713 2214 1756 2241 ut
1775 2200 1847 2242 fert
1864 2202 1988 2244 New-

529 2264 693 2303 toniana
718 2259 900 2301 doetrina
917 2287 928 2303 ,
959 2259 1007 2301 ad
1027 2269 1279 2313 aequatorem
1297 2258 1500 2302 confluant
1515 2289 1525 2304 ,
1555 2259 1612 2299 uti
1630 2257 1840 2313 suspicatus
1858 2256 1910 2301 est
1927 2259 1985 2300 vir

529 2319 694 2361 eximius
712 2316 886 2358 Andreas
916 2314 1062 2372 Cgfflgs
1087 2314 1312 2373 Vpsalienfis
1329 2344 1339 2359 ,
1368 2331 1458 2357 nam
1483 2329 1603 2370 quum
1635 2314 1726 2356 esset
1755 2315 1859 2371 apud
1892 2328 1984 2359 nos,

530 2376 573 2417 &
597 2372 668 2430 ipsi
699 2372 942 2416 ostendissem
974 2373 1223 2432 ego‘eventa
1252 2375 1360 2417 varia
1385 2375 1503 2416 Maris
1520 2371 1666 2419 nostri,
1696 2372 1739 2414 ἃ
1758 2370 1987 2470 Ρτειεῑεέῐίτη

1915 2441 1984 2470 ane

584 2513 623 2543 (a)
645 2511 782 2540 Memoria
802 2512 831 2540 in
851 2510 947 2541 favore
966 2511 1006 2540 de'
1019 2511 1159 2548 Bolognefi
1172 2533 1178 2539 .
1201 2511 1276 2540 Nota
1289 2511 1314 2539 I.
1324 2520 1387 2546 pag.
1405 2519 1461 2543 341.
1476 2509 1549 2538 Edit.
1562 2508 1733 2537 florentinae
1751 2510 1805 2537 To.
1818 2508 1869 2536 111.
