2145 2910
555 233 610 268 74
1030 220 1589 264 SPECIMEN

561 318 672 349 vetus
703 308 858 363 antiqui
889 305 1007 348 nostri
1034 307 1173 348 Portus
1207 308 1336 351 multo
1373 311 1637 367 propinquior
1666 309 1719 351 est
1746 311 1863 352 hodie
1895 317 2020 360 mari,

560 368 680 419 quam
711 376 795 406 erat
822 367 984 419 triginta
1013 364 1179 405 abheinc
1211 368 1319 407 annis
1337 397 1348 413 ‚
1379 380 1424 408 ut
1440 382 1515 422 ego
1532 369 1690 409 memini
1708 396 1716 405 .
1749 368 1914 410 Fortaffe
1943 386 2023 412 rna-

563 435 605 461 re
635 421 755 463 hodie
772 423 877 477 apud
893 436 963 461 nos
983 419 1114 462 senfim
1140 436 1372 477 recuperare
1387 435 1518 467 tentat
1534 453 1544 469 ‚
1574 426 1682 481 quod
1698 426 1796 465 olim
1813 425 1997 468 amiserat
2011 458 2024 474 ,

560 488 678 533 atque
708 476 734 519 si
750 480 822 519 hac
850 480 1004 518 ratione
1034 480 1228 533 procedat
1246 508 1255 523 ‚
1272 479 1394 536 ipsam
1410 483 1548 523 urbem
1563 481 1732 523 nostram
1750 483 1908 524 tandem
1924 499 2025 526 mer-

557 546 624 588 get
641 562 652 577 ‚
683 532 909 587 praesertim
942 547 1082 589 portus
1107 534 1359 583 suburbium,
1394 539 1437 578 δε
1462 540 1543 580 vias
1572 539 1655 580 illas
1681 554 1813 581 recens
1830 541 2024 592 adjectas,

556 588 622 629 nifi
639 591 845 646 aggeribus
875 590 985 632 saetis
1003 623 1014 638 ,
1030 595 1089 633 uti
1119 594 1226 648 apud
1242 596 1409 636 Batavos
1432 625 1444 639 ,
1475 597 1536 637 vel
1553 596 1772 638 elevatione
1804 596 1913 652 plani
1942 599 2024 639 via-

556 660 662 688 rum,
680 648 791 701 quod
806 651 1072 704 opportunius
1089 649 1153 696 est,
1170 651 1260 692 huic
1277 652 1385 693 malo
1404 651 1669 708 prospiciatur
1686 685 1694 692 .
1710 654 1799 695 Hoc
1815 655 1936 694 etiam
1954 655 2025 694 ob-

555 700 711 745 servaffe
743 705 950 747 Romanos
979 707 1173 761 aliquibus
1193 710 1233 748 in
1251 708 1349 750 locis
1381 710 1487 764 apud
1517 724 1587 750 nos
1616 725 1723 751 mare
1753 712 1940 751 accedere
1968 713 2024 751 vi-

555 758 697 805 detur3
726 775 819 801 nam
851 765 972 804 tertio
1001 766 1051 804 ab
1079 766 1175 806 urbe
1205 765 1333 806 nostra
1366 767 1518 822 lapide,
1550 769 1619 808 ubi
1650 769 1869 810 etiamnum
1898 768 2024 821 Gippi

554 815 677 870 aliqui
709 818 886 859 milliarii
920 832 1069 861 veteres
1100 820 1300 875 supersunt
1329 849 1340 865 ‚
1370 824 1410 862 in
1444 826 1508 863 via
1536 823 1726 866 Flaminia
1756 835 1939 877 aggerem
1967 822 2025 863 al-

553 871 741 914 tissimum
764 888 812 914 ex
842 886 1025 917 cemento
1057 879 1101 917 &
1129 877 1262 930 glarea
1293 877 1595 921 construxerunt
1607 879 1661 923 ad
1679 878 1803 920 multa
1821 878 2025 924 milliaria,

554 940 600 969 ut
630 932 695 971 via
726 932 789 972 illa
822 947 844 972 a
871 932 1054 974 fluetibus
1086 936 1202 974 maris
1232 948 1427 991 perpetuo
1457 940 1613 977 munita
1643 935 1746 976 foret
1768 965 1780 980 ,
1809 936 1877 988 qui
1906 949 2025 988 agger

555 986 684 1027 adhuc
706 987 837 1030 visitur
860 1018 869 1033 ‚
895 992 938 1030 &
965 990 1168 1032 aMiffone
1195 993 1234 1033 in
1264 991 1331 1033 suo
1361 995 1571 1034 Itinerario
1588 1003 1855 1037 memoratur,
1888 1006 2027 1046 quam·-

554 1058 674 1098 quam
700 1047 968 1100 imprudentia
997 1046 1223 1089 nostrorum
1250 1051 1291 1090 in
1322 1050 1404 1090 dies
1421 1049 1666 1093 destruatur,
1694 1060 1879 1089 cemento
1898 1048 1967 1088 illo
1984 1050 2025 1088 in

555 1101 650 1140 alios
677 1101 758 1143 usus
776 1104 854 1145 alio
871 1105 1056 1147 transsato
1072 1138 1080 1144 .
1110 1107 1232 1162 Apud
1261 1106 1466 1148 Fanestreis
1497 1110 1616 1147 etiam
1634 1136 1644 1151 ,
1671 1116 1719 1145 ut
1748 1118 1798 1144 ex
1829 1105 2023 1157 aliquibus

554 1156 718 1197 eruditis
751 1160 854 1200 illius
871 1164 1055 1203 Civitatis
1073 1165 1240 1219 accepi,
1273 1163 1376 1204 fama
1390 1163 1447 1204 est
1463 1178 1570 1204 mare
1586 1162 1706 1202 hodie
1737 1162 2023 1216 proquinquius

556 1211 628 1252 effe
651 1214 740 1254 urbi
770 1230 908 1256 eorum
926 1247 935 1261 ‚
966 1234 1083 1271 quam
1102 1220 1231 1259 fuerat
1256 1232 1348 1261 ante
1365 1251 1375 1265 ,
1411 1234 1502 1259 nam
1525 1219 1653 1259 nescio
1682 1232 1777 1271 quas
1802 1227 1950 1258 veteres
1967 1218 2025 1256 in-

556 1266 785 1325 scriptiones
817 1269 1060 1328 sepulcraleis
1086 1276 1135 1314 ad
1167 1278 1327 1315 marein
1354 1277 1617 1316 excavatione
1645 1275 1739 1314 novi
1761 1287 1899 1313 eorum
1933 1288 2025 1328 por-

554 1338 615 1364 tus
646 1327 826 1368 inveniffe
858 1329 1067 1384 perhibent
1085 1360 1093 1367 .
1123 1331 1196 1371 Sed
1225 1334 1444 1372 maximum
1459 1331 1686 1385 exemplum
1700 1327 1927 1372 accessionis
1942 1344 2024 1371 rna-

556 1383 605 1421 ris
647 1383 868 1426 Hadriatici
899 1414 908 1429 ,
939 1388 982 1426 &
1012 1387 1194 1441 ingressus
1224 1391 1263 1428 in
1294 1401 1417 1429 terras
1449 1418 1459 1433 ,
1491 1389 1532 1428 in
1563 1389 1715 1441 magnis
1745 1386 1892 1428 lacunis
1917 1417 1928 1433 ,
1960 1385 2023 1428 seu

554 1440 720 1481 vallibus
737 1471 747 1486 ‚
772 1453 818 1481 ut
845 1454 1017 1486 vocant,
1049 1445 1232 1485 Comacli
1249 1473 1259 1487 ,
1291 1446 1508 1486 habemus.
1543 1446 1650 1484 Nam
1681 1445 1770 1484 urbs
1803 1443 1898 1487 ista,
1924 1458 2024 1498 quae

554 1496 792 1550 Cymaclum
822 1499 1013 1554 aliquibus
1043 1502 1190 1541 dicitur
1208 1533 1218 1547 ‚
1248 1502 1357 1555 quod
1384 1500 1720 1554 quafiefluetibus
1754 1503 1870 1541 maris
1900 1515 2026 1540 emer-

555 1549 670 1596 serit,
701 1567 877 1607 quaeque
907 1559 947 1594 in
975 1558 1110 1595 medio
1139 1557 1374 1595 lacunarum
1390 1556 1513 1593 modo
1541 1555 1610 1593 fita
1639 1556 1719 1596 est,
1750 1567 1794 1594 ut
1820 1556 1920 1594 olim
1943 1557 2024 1594 Ra-

553 1621 706 1654 venna,
736 1612 779 1649 &
808 1623 911 1650 nunc
941 1608 1173 1665 amplissima
1204 1612 1484 1655 Venetiarum,
1514 1624 1647 1650 recens
1674 1609 1889 1650 admodum
1915 1609 2027 1651 vide-

559 1678 623 1706 tur
639 1694 650 1709 ,
682 1680 802 1719 quum
828 1679 881 1706 -eo
912 1669 950 1707 in
981 1666 1077 1707 loco
1093 1668 1210 1709 multi
1227 1669 1468 1708 arbitrentur
1487 1667 1647 1720 Spinam
1667 1667 1803 1707 urbem
1821 1666 1919 1707 olim
1937 1665 2022 1707 suis.

554 1721 592 1761 se
606 1712 752 1774 ‚⁸cujus
781 1724 963 1764 meminit
991 1725 1133 1765 Strabo
1163 1730 1254 1775 (a),
1285 1725 1328 1764 &
1358 1722 1565 1780 Dionysius
1595 1722 1900 1764 Halicarnasseus
1931 1753 1942 1769 ,
1979 1724 2023 1763 &

554 1779 705 1833 primus
734 1780 894 1833 quidem
926 1791 1129 1835 tamquam
1144 1782 1300 1835 Oppidi
1329 1780 1400 1820 suis
1427 1782 1672 1834 temporibus
1698 1782 1740 1820 in
1755 1781 2019 1823 Continenti,

554 1836 598 1875 &
627 1849 649 1874 a
680 1837 780 1874 mari
810 1847 877 1873 xc.
920 1835 1050 1880 stadiis
1080 1835 1256 1874 distantis
1291 1851 1301 1878 ;
1345 1846 1525 1875 attamen
1564 1837 1653 1874 urbs
1682 1836 1869 1876 comacli
1901 1837 2020 1877 hodie

556 1891 607 1930 ad
637 1903 744 1929 mare
774 1904 873 1945 pene
904 1889 983 1934 est,
1015 1893 1269 1944 marinaeque
1301 1894 1379 1943 ejus
1397 1892 1577 1930 Lacunae
1608 1890 1657 1929 ad
1675 1902 1740 1929 Lx.
1774 1891 1899 1930 millia
1929 1891 2019 1932 Pas-

556 1944 723 1986 suumin
744 1945 991 2001 longitudine
1005 1975 1016 1990 ‚
1045 1947 1089 1987 &
1104 1948 1153 1988 ad
1171 1947 1398 2002 quindecim
1414 1949 1453 1986 in
1469 1946 1679 1986 latitudine
1705 1947 2021 2001 protenduntur.

554 2003 690 2056 Atque
719 2003 776 2043 ibi
801 2004 846 2042 'in
874 2006 984 2045 novis
1015 2004 1173 2045 aedibus
1204 2032 1215 2047 ,
1254 2004 1318 2045 vel
1359 2001 1549 2044 aedificiis
1591 2000 1663 2042 suis
1705 2000 1923 2057 piscatoriis
1950 2017 2020 2045 ex-

555 2058 740 2100 struendis
771 2057 906 2114 paffim
936 2059 1112 2116 sepulcra
1148 2062 1191 2101 &
1226 2062 1366 2102 rudera
1395 2071 1572 2102 veterum
1611 2058 1767 2099 aedium
1801 2061 1904 2100 intra
1934 2059 2018 2101 illas

556 2116 714 2156 lacunas
748 2118 954 2158 inveniunt
983 2145 991 2154 .
1037 2119 1100 2159 Ibi
1129 2120 1236 2159 enim
1266 2133 1371 2159 mare
1401 2115 1639 2172 recuperasse
1678 2116 1832 2156 videtur
1865 2144 1876 2158 ,
1919 2130 2018 2170 quae

557 2174 800 2227 temporibus
833 2175 1036 2215 Strabonis
1065 2174 1246 2216 amiserat
1271 2204 1279 2212 .
1311 2176 1384 2217 Sed
1415 2175 1511 2230 quid
1541 2173 1628 2214 heic
1657 2174 1817 2227 Spinam
1849 2171 2018 2213 submer-

554 2226 660 2274 sam,
695 2232 738 2270 &
766 2233 948 2273 Comacli
976 2232 1137 2279 'lacunas
1154 2248 1361 2276 memoro,
1393 2245 1437 2273 ut
1451 2232 1667 2273 alluviones
1684 2231 1799 2270 maris
1825 2228 1945 2269 nostri
1974 2245 2016 2270 o·

557 2284 759 2326 stendam?
785 2288 950 2330 Concha
980 2289 1064 2345 ipsa
1093 2292 1184 2331 urbs
1214 2290 1312 2331 olim
1342 2291 1496 2332 decimo
1519 2286 1652 2343 lapide
1683 2289 1750 2327 vix
1781 2287 1831 2327 ab
1860 2288 2014 2328 urbe.)

556 2341 686 2385 nostra
715 2342 855 2386 distans
872 2374 884 2389 ,
913 2349 956 2389 δε
982 2347 1032 2389 ad
1049 2346 1319 2390 Crustumium
1350 2348 1514 2391 fluvium
1529 2341 1654 2400 pofita
1672 2358 1802 2386 nonne
1831 2358 1854 2384 a
1881 2343 2016 2441 rpultis

1911 2414 2019 2442 aecu-

588 2532 627 2562 (2)
645 2535 742 2566 Strabo
762 2535 819 2566 Lib.
833 2537 1022 2576 v.Gcograph.
1044 2538 1163 2578 Dionys.
1196 2537 1371 2573 Halicarnasi
1396 2537 1529 2575 Antiquit.
1549 2537 1607 2567 Lib.
1620 2546 1643 2566 1.
