2125 2915
549 207 600 243 86
857 202 1334 246 APPENDIX
1390 202 1711 245 PRIMA.

602 288 665 329 XI.
699 288 786 344 Pag-
815 300 873 339 15.
900 289 984 345 Cap.
1003 286 1080 329 VII.
1110 286 1339 330 Testaceum
1356 317 1367 334 ‚
1397 291 1536 331 Cornu
1552 288 1784 331 Hammonis
1815 290 1975 344 quidem
1993 304 2018 332 a

543 359 606 387 me
629 347 803 387 ereetum
832 345 983 386 dicstum
1000 373 1010 389 ‚
1040 343 1103 384 seu
1118 344 1362 387 Orthoceras
1392 345 1440 387 fit
1464 345 1672 388 secundum
1689 376 1699 391 ,
1732 348 1909 387 nativum
1935 349 2016 402 pri-

543 417 652 443 mum
668 403 796 458 reperi
826 404 868 442 in
890 404 1119 443 Sedimento
1133 403 1299 443 Littoris
1317 402 1462 450 nostri,
1486 402 1548 445 sed
1579 402 1700 446 foffile
1715 405 1911 458 reperitur
1935 418 2017 445 non

543 469 699 499 tantum
728 460 768 498 in
793 461 915 498 arenis
933 460 1183 511 Covignani,
1216 462 1487 501 verumetiam
1515 472 1717 516 repertum
1743 460 1818 502 fuit
1834 458 1956 502 foffile
1974 462 2016 501 in

542 517 681 557 Arenis
699 512 917 554 Senenfibus
933 514 1015 555 loci
1032 515 1133 556 illius
1164 519 1423 559 annotatione
1437 519 1484 558 V.
1501 520 1712 559 memorati
1726 545 1735 554 .
1766 518 1870 558 Item
1884 531 2014 573 reper-

543 582 628 611 tum
659 570 735 611 fuit
767 568 888 611 foffile
919 572 961 612 in
984 570 1114 613 Terris
1138 573 1436 616 Pedemontanis
1453 605 1464 621 ,
1495 574 1589 616 loco
1615 576 1797 630 Arignano
1825 573 1936 614 dieto
1952 603 1963 619 ‚
1990 588 2015 614 a

542 625 690 668 Carolo
706 625 887 667 Allionio
903 655 914 672 ,
946 631 990 669 ὅ(
1003 630 1163 683 quidem
1185 633 1343 684 majoris
1360 632 1472 673 molis
1490 662 1501 678 ,
1529 633 1598 686 qui
1613 645 1734 672 unum
1763 640 1831 671 aut
1847 631 2013 671 alterum

543 684 591 723 ad
609 696 671 723 me
701 680 804 723 misit
821 683 1068 739 longitudine
1097 686 1253 741 pollicis
1268 686 1479 731 Parifienfis
1496 716 1507 732 ‚
1533 689 1577 729 ὃς
1602 688 1672 730 tali
1696 687 1945 743 longitudine
1972 687 2016 726 in

543 741 698 780 Littore
722 739 856 781 nostro
873 743 1052 784 nativum
1068 742 1202 798 postea
1216 746 1345 799 reperi
1362 776 1371 786 .

597 796 680 836 XII.
697 797 783 851 Pag.
808 811 860 845 17.
878 800 961 854 Cap.
979 801 1024 839 X·
1041 798 1160 840 num⁰·
1180 800 1225 840 ΙΙ.
1255 803 1494 856 Cogitatum
1508 802 1587 843 hoc
1605 816 1734 843 meum
1750 829 1761 844 ,
1793 813 1873 855 quo
1897 798 2017 842 affero

542 853 727 894 Brumam
744 883 755 898 ,
785 853 848 894 seu
873 857 1033 895 navium
1060 855 1296 897 Teredinem
1329 858 1435 898 idem
1458 858 1528 899 effe
1558 860 1765 899 Vermium
1792 871 1910 913 genus
1927 884 1938 900 ‚
1969 871 2017 897 ac

542 908 630 950 sunt
659 911 816 952 Vermes
850 911 908 952 illi
935 915 1101 966 majores
1125 915 1246 955 ereeti
1270 916 1554 970 contortique,
1585 917 1654 970 qui
1682 914 1798 969 lignis
1828 910 2017 953 extrinse-

541 980 609 1007 cus
626 994 636 1009 ‚
666 967 798 1008 ostreis
815 997 826 1013 ‚
855 967 1028 1024 saxisque
1044 968 1326 1011 adhaerescunt
1341 999 1352 1015 ‚
1384 985 1466 1012 non
1495 970 1548 1012 est
1563 973 1729 1012 omnino
1751 983 1891 1012 verum
1907 999 1919 1015 ‚
1948 965 2016 1008 etfi

543 1021 756 1065 verisimilis
772 1026 980 1081 quidpiam
996 1026 1140 1068 habeat
1157 1029 1197 1067 in
1226 1026 1261 1068 se
1275 1056 1287 1072 ,
1317 1040 1510 1082 quantum
1524 1028 1576 1069 ad
1590 1027 1727 1069 Testae
1744 1025 1913 1081 figuram
1930 1055 1942 1072 ,
1972 1024 2017 1065 &

542 1080 688 1122 molem
706 1113 714 1121 .
745 1082 912 1124 Brumae
944 1085 1051 1125 enim
1078 1086 1238 1126 navium
1255 1112 1266 1128 ,
1298 1082 1362 1126 seu
1384 1085 1595 1126 Teredines
1626 1094 1751 1137 caput
1781 1084 1929 1123 habent
1957 1082 2017 1120 ni-

543 1150 658 1191 grum
673 1139 824 1181 duobus
841 1138 985 1182 offibus
1007 1140 1150 1181 lunatis
1174 1141 1365 1182 donatum
1392 1140 1598 1182 duriffimis
1613 1167 1624 1183 ‚
1655 1140 1795 1193 quibus
1825 1149 2018 1192 querneos

543 1191 674 1234 afferes
692 1221 703 1237 ‚
731 1195 852 1235 costas
869 1223 879 1238 ‚
898 1196 1101 1251 trabesque
1117 1199 1278 1239 navium
1294 1208 1524 1251 tegumenta
1539 1196 1810 1251 perterebrare
1833 1193 2017 1236 valeant3

543 1248 606 1290 sed
621 1260 744 1304 caput
757 1251 964 1291 Vermium
992 1253 1155 1293 illorum
1172 1282 1182 1296 ,
1212 1264 1258 1293 ut
1274 1253 1406 1307 postea
1421 1254 1558 1294 melius
1589 1253 1788 1304 cognovi,
1818 1249 1948 1290 forma
1963 1247 2018 1289 est

543 1304 659 1347 instar
687 1308 828 1361 capitis
859 1309 1068 1362 Papaveris
1091 1309 1305 1350 Rhoeados
1323 1338 1333 1352 ‚
1362 1308 1559 1350 &colore
1588 1305 1876 1350 rubicundum,
1909 1306 2018 1345 circa

543 1362 652 1416 quod
678 1365 772 1416 juba
796 1365 989 1418 quaedam
1005 1395 1015 1410 ‚
1047 1363 1110 1405 seu
1139 1366 1378 1419 capillitium
1399 1366 1594 1418 reperitur
1620 1364 1765 1403 coloris
1794 1364 1889 1403 item
1911 1361 2019 1402 rubi-

541 1419 663 1460 cundi
681 1450 691 1466 ,
725 1421 841 1475 quale
858 1420 934 1461 fuit
958 1419 1198 1476 descriptum
1217 1452 1227 1466 ,
1256 1422 1299 1461 &
1325 1422 1479 1474 piritum
1503 1435 1525 1460 a
1548 1420 1668 1461 Fabio
1684 1418 1884 1459 Columna
1914 1418 2018 1459 libro

541 1476 590 1516 de
606 1476 858 1529 Aquatilibus
881 1491 969 1531 cap·
987 1478 1055 1517 XI.
1070 1492 1161 1532 pag.
1180 1478 1286 1517 XXI.
1302 1478 1345 1516 &
1361 1477 1486 1518 XXII·
1505 1478 1636 1517 Minus
1652 1477 1750 1516 bene
1767 1477 1922 1529 pidtum
1940 1473 2017 1516 fuit

541 1532 618 1572 hoc
638 1534 844 1573 Vermium
874 1547 993 1587 genus
1010 1548 1032 1572 a
1048 1533 1293 1572 Rondeletio
1308 1535 1408 1584 Cap.
1423 1534 1494 1571 VI.
1511 1535 1580 1583 qui
1593 1535 1719 1572 cirros
1742 1529 1813 1585 ipfi
1829 1529 2019 1586 apposuit

543 1587 662 1629 instar
693 1588 926 1630 Penniciili,
957 1597 1002 1626 ut
1030 1587 1239 1626 adnotavit
1266 1585 1371 1625 idem
1401 1586 1627 1629 Columna;
1653 1586 1834 1638 dixitque
1863 1584 2017 1639 insuper

541 1645 802 1685 Rondeletius
820 1641 940 1684 Testis
958 1641 1182 1695 hujusmodi
1196 1643 1392 1683 vermium
1408 1668 1419 1684 ,
1448 1655 1547 1696 quas
1572 1655 1665 1682 cum
1679 1640 1918 1682 Dentalibus
1933 1643 2018 1682 An-

542 1700 731 1741 talibusve
747 1701 879 1755 capite
895 1700 944 1740 V.
969 1698 1178 1740 confundit
1195 1728 1204 1743 ‚
1233 1698 1577 1754 Pharmacopoeos
1600 1700 1659 1738 uti
1686 1699 1728 1738 in
1740 1699 1951 1751 Vnguento
1966 1700 2019 1737 ci-

541 1758 650 1797 trino
682 1770 757 1811 pro
773 1756 961 1800 Dentali,
993 1771 1068 1811 pro
1090 1753 1330 1797 Dentifricio
1361 1770 1501 1812 nempe
1518 1784 1529 1799 ‚
1559 1766 1607 1797 ut
1621 1755 1820 1801 arbitror,
1848 1753 1911 1796 seu
1941 1768 2016 1810 pro

540 1812 794 1866 Cqsmetico,
838 1804 988 1863 gyf-{ds}
1016 1806 1158 1861 «defiat
1169 1815 1252 1866 [²⁶
1307 1815 1345 1850 ᾖ
1371 1806 1783 1849 -Jafdz‘ystmzassaem

600 1869 698 1910 XIII.
733 1870 819 1923 Pag.
843 1874 903 1908 18.
923 1869 1008 1922 Cap·
1028 1869 1071 1906 X.
1091 1866 1224 1906 n0.1H.
1281 1869 1338 1906 eic
1363 1866 1586 1906 addendum
1604 1866 1657 1906 est
1681 1867 2017 1918 quodmianrol..

542 1927 640 1966 lario
671 1925 840 1966 diximus
873 1923 921 1964 de
936 1923 1151 1965 Tubularia
1178 1921 1307 1963 nostra
1331 1923 1521 1977 Filograna
1552 1921 1684 1963 dicta,
1715 1936 1815 1975 quae
1847 1920 1931 1962 esca
1962 1922 2016 1961 est

542 1982 695 2024 Echinis
723 1982 877 2022 marinis
895 2009 904 2024 ‚
937 1982 994 2021 uti
1012 1980 1186 2021 dicemus
1218 1981 1258 2020 in
1282 1978 1528 2034 expositione
1551 1976 1728 2019 Tabulae
1744 1979 1795 2018 ΙΙ.
1813 1977 2016 2033 Appendi-

541 2041 595 2081 cis
612 2069 623 2085 ,
653 2040 697 2078 ὃ(
714 2041 752 2079 in
768 2036 1011 2093 expofitione
1026 2038 1201 2078 Tabulae
1217 2037 1321 2078 XIX.
1339 2036 1430 2077 huic
1446 2035 1683 2077 Tubulariae
1698 2036 1852 2077 dicatae
1869 2066 1876 2074 .

602 2096 719 2137 XIIII.
755 2097 841 2151 Pag.
863 2102 919 2136 18.
938 2097 1021 2151 Cap,
1041 2095 1103 2136 XI·
1122 2092 1241 2136 num⁰·
1261 2093 1287 2133 I·
1305 2095 1393 2135 Hoc
1409 2093 1600 2148 Operculi
1622 2107 1741 2148 genus
1757 2091 1878 2133 refert
1895 2092 2015 2132 Gual-

540 2155 658 2194 terius
692 2155 731 2193 in
758 2151 826 2193 suo
841 2153 977 2193 Indice
993 2153 1089 2193 Tab.
1107 2152 1224 2193 LXX·
1252 2150 1319 2192 sub
1346 2152 1497 2192 Littera
1512 2152 1561 2191 R.
1578 2150 1677 2191 Heic
1703 2149 1817 2204 plura
1834 2151 2016 2203 Opercu-

544 2210 675 2250 lorum
695 2224 835 2264 genera
853 2209 970 2251 essent
995 2209 1196 2250 referenda
1214 2237 1223 2252 ‚
1255 2222 1354 2261 quae
1371 2210 1410 2249 in
1426 2211 1578 2250 Littore
1593 2207 1726 2248 nostro
1743 2208 2013 2260 reperiuntur,

544 2265 607 2307 sed
633 2265 863 2321 praesertim
891 2268 1138 2323 Operculum
1156 2264 1357 2307 Cochleae
1383 2268 1594 2321 pundtatae
1611 2293 1622 2309 ,
1640 2279 1738 2320 quae
1756 2263 1877 2315 Bafino
1893 2262 2015 2316 vulgo

545 2326 800 2370 nominatur,
833 2327 942 2378 cujus
976 2324 1176 2366 Cochleae
1210 2322 1364 2376 ye'vww
1389 2324 1486 2365 Tab.
1512 2323 1579 2362 XI.
1608 2323 1648 2362 in
1677 2320 1912 2377 Appendice
1939 2316 2016 2359 fuse

542 2395 784 2437 exponemus
804 2413 812 2420 .
844 2385 1047 2423 Praeterea
1063 2382 1148 2423 heic
1166 2387 1273 2425 varia
1289 2381 1580 2438 Operculorum
1599 2394 1742 2435 genera
1764 2379 2015 2432 reperiuntur

546 2453 693 2481 cornea
710 2466 721 2482 ,
753 2440 796 2480 ἃ
811 2439 935 2481 veluti
963 2441 1143 2482 coriacea
1159 2469 1170 2485 ‚
1200 2455 1300 2496 quae
1317 2438 1557 2481 subrotunda
1578 2435 1664 2479 sunt
1679 2468 1689 2483 ,
1716 2437 1760 2476 ὃς
1776 2432 2015 2530 diverso÷um

1956 2501 2015 2528 ur-
