2125 2915
514 227 558 266 38
822 218 1292 260 APPENDIX
1351 215 1669 262 PRIMA.

514 299 576 343 seu
592 300 845 357 Thymilaeae
861 304 1037 344 Linariae
1052 302 1150 344 folio
1166 304 1335 360 vulgaris
1351 304 1619 347 Tournefortii
1635 337 1645 353 ‚
1677 317 1721 347 ut
1738 320 1799 347 me
1829 309 1982 348 monuit

513 360 678 412 Joannes
704 358 924 400 Franciscus
955 361 1168 413 Seguierius
1194 360 1461 403 Nemausenfis
1491 363 1539 403 de
1554 364 1742 404 Botanica
1758 391 1768 407 ‚
1799 363 1842 402 ὃς
1860 363 1982 404 Histo-

515 417 573 456 ria
589 417 766 456 Naturae
793 419 942 472 optime
958 418 1120 457 meritus
1137 448 1148 463 ‚
1165 417 1260 458 dum
1275 420 1454 460 Veronae
1470 431 1690 462 moraretur
1719 419 1825 474 apud
1844 419 1982 461 Maffe-

455 474 499 543 δὲ
514 475 597 525 jum
613 503 620 512 .
654 474 807 514 Semina
821 475 926 513 enim
943 473 1172 515 Plantatum
1185 503 1196 519 ‚
1226 475 1270 515 ὅτ.
1295 490 1433 517 eorum
1452 479 1619 517 cortices
1635 476 1860 533 praesertim
1879 491 1980 532 aqua

515 531 665 569 marina
681 530 880 569 interdum
896 531 950 570 ita
968 530 1200 572 indurantur
1216 563 1227 579 ,
1256 543 1301 573 ut
1316 533 1412 588 quid
1426 533 1652 575 Testaceum
1669 533 1838 575 referant
1855 561 1862 570 .

572 586 641 625 XV
639 584 721 624 1111.
754 585 843 641 Pag.
859 599 924 634 24.
943 587 1026 643 Cap.
1047 588 1156 629 XVII.
1175 589 1315 631 Stellae
1331 584 1502 632 marinae
1527 589 1678 632 nostrae
1705 591 1880 644 vulgares
1899 603 1980 630 non

515 653 670 683 tantum
693 640 769 682 hoc
786 643 1003 684 Buccinulo
1031 643 1237 687 vescuntur
1252 677 1263 693 ‚
1292 646 1352 687 sed
1368 646 1573 689 vescuntur
1590 649 1708 689 etiam
1721 647 1881 688 Tellinis
1898 646 1984 688 vul-

515 699 669 753 garibus
696 699 913 741 minoribus
930 729 941 744 ‚
973 702 1016 741 &
1036 703 1231 744 interdum
1260 705 1300 744 in
1325 718 1461 745 eorum
1491 715 1628 747 ventre
1641 704 1817 746 Tellinae
1846 703 1981 760 paullo

515 758 680 808 majores
704 758 953 811 reperiuntur
968 787 978 801 ‚
1005 769 1048 799 ut
1062 761 1205 800 mirum
1228 761 1409 802 videatur
1427 792 1436 807 ‚
1467 762 1671 816 quomodo
1702 760 1909 804 Stellarum
1925 760 1981 802 Os

514 814 568 853 ita
583 813 751 854 hiaverit
766 845 777 859 ‚
793 825 839 854 ut
855 829 917 854 eas
933 814 1162 869 deglutierit
1177 831 1187 860 ;
1217 816 1364 856 affervo
1379 820 1481 856 enim
1498 818 1602 871 apud
1618 831 1680 857 me
1697 816 1830 859 Stellas
1847 826 1981 859 ventre

513 868 734 923 hujusmodi
750 870 923 911 Conchis
940 870 1077 927 paullo
1094 873 1306 926 majoribus
1332 873 1464 926 plenas
1482 904 1490 912 .

571 927 649 967 XX.
681 928 767 983 Pag·
789 941 855 979 25·
872 929 895 969 l.
920 943 978 969 10.
1002 929 1088 984 Cap.
1106 929 1236 970 XVIII.
1256 928 1404 971 Fosfiles
1421 931 1667 986 reperiuntur
1691 927 1828 985 paffim
1856 927 1981 982 hujus-

513 984 623 1024 modi
639 983 775 1026 Testae
792 986 954 1026 Buccini
969 1016 980 1031 ,
1011 984 1072 1026 seu
1088 985 1271 1027 Turbinis
1286 986 1398 1039 hujus
1415 989 1452 1026 in
1470 988 1670 1027 montibus
1687 987 1872 1027 cretaceis
1888 1001 1980 1041 pro-

513 1055 562 1096 pe
577 1042 688 1082 Senas
705 1070 714 1083 ‚
747 1043 791 1081 &
815 1044 855 1083 in
887 1042 1086 1084 montibus
1108 1046 1228 1085 etiam
1260 1042 1393 1084 nostris
1425 1043 1621 1085 interdurn
1636 1071 1647 1088 ‚
1679 1041 1909 1097 praesertim
1938 1043 1981 1083 in

514 1100 654 1139 Monte
670 1100 702 1139 S.
717 1099 876 1153 Joannis
894 1102 934 1142 in
952 1101 1131 1146 Galilaea
1147 1103 1256 1147 dieto
1273 1137 1281 1146 .
1974 1134 1977 1135 ν

571 1154 676 1219 XXI..
698 1159 783 1212 Cap·
801 1159 949 1201 XVIIII.
976 1175 1057 1218 pag.
1076 1177 1141 1214 25.
1174 1165 1325 1204 Primus
1341 1191 1351 1206 ‚
1381 1173 1425 1204 ut
1454 1162 1600 1218 opinor
1616 1192 1626 1206 ‚
1657 1156 1784 1202 Testas
1816 1158 1882 1201 has
1913 1174 1984 1202 co-

515 1213 620 1252 nicas
639 1216 769 1267 pinxit
784 1245 794 1258 ‚
809 1217 852 1253 &
868 1219 1054 1259 Dentales
1071 1223 1236 1263 vocavit
1252 1220 1516 1262 Rondeletius
1534 1248 1544 1262 ‚
1576 1219 1683 1273 quod
1701 1232 1835 1258 earum
1850 1216 1980 1270 pulvis

511 1283 586 1324 pro
603 1268 828 1311 dentifricio
845 1274 951 1327 apud
975 1272 1059 1314 suos
1083 1277 1334 1317 adhiberetur
1352 1305 1360 1312 .
1393 1279 1601 1317 Vocantur
1618 1275 1737 1315 etiam
1755 1272 1916 1313 Antales
1932 1273 1982 1312 ab

512 1326 706 1380 aliquibus
723 1357 733 1372 ‚
763 1329 806 1368 &
823 1328 973 1370 Entales
1005 1345 1026 1371 a
1043 1332 1250 1373 Gualterio
1275 1335 1303 1373 ii
1319 1345 1538 1374 vocantur,
1568 1332 1634 1384 qui
1657 1343 1780 1369 cornu
1810 1328 1897 1369 sunt
1911 1329 1982 1370 ob-

512 1381 599 1423 tuso
616 1385 660 1424 &
676 1382 856 1440 disrupto
874 1414 884 1429 ‚
916 1389 1075 1428 nomine
1100 1387 1247 1429 scilicet
1262 1391 1416 1441 utrique
1432 1398 1624 1442 corrupto
1640 1401 1663 1426 a
1679 1386 1838 1426 Dentali
1856 1417 1864 1425 .

567 1440 683 1480 XXII.
715 1440 801 1496 Pag.
818 1457 883 1489 27-
899 1444 924 1484 l.
943 1457 981 1486 2·
1014 1445 1280 1500 Caryophylli
1299 1444 1437 1486 foffiles
1454 1447 1620 1497 majores
1637 1471 1647 1486 ‚
1680 1441 1741 1482 sed
1762 1441 1980 1483 admodum

510 1495 718 1551 compr-effi
741 1500 988 1552 reperiuntur
1011 1502 1110 1541 inter
1135 1501 1345 1542 Caesenam
1360 1529 1371 1544 ,
1395 1503 1438 1542 ὃ(
1454 1501 1596 1541 Forum
1612 1501 1923 1541 Truentinorum
1939 1500 1980 1539 in

511 1552 605 1593 loco
619 1555 757 1607 Caput
773 1554 897 1595 Collis
915 1557 1024 1595 dieto
1039 1572 1050 1598 ;
1081 1559 1174 1595 item
1189 1558 1230 1593 in
1246 1556 1442 1595 Meldulae
1458 1558 1689 1606 Principatu
1706 1585 1713 1592 .

565 1610 699 1650 XXIII.
732 1610 819 1663 Pag-
838 1625 903 1660 29-
936 1609 991 1649 n⁰·
1011 1610 1056 1650 II.
1088 1612 1135 1650 In
1160 1610 1312 1651 Tabula
1339 1612 1387 1650 V.
1417 1611 1564 1662 Majori
1593 1609 1806 1662 adjecimus
1836 1607 1979 1664 figuras

511 1665 646 1707 Balani
662 1664 825 1720 depreffi
849 1667 1012 1708 minoris
1027 1695 1037 1710 ‚
1066 1665 1127 1707 seu
1144 1666 1278 1708 Balani
1293 1666 1405 1721 hujus
1419 1664 1689 1707 confertiffirni
1702 1694 1710 1708 ‚
1729 1666 1775 1706 de
1792 1680 1873 1720 quo
1891 1668 1982 1720 Epi-

509 1720 648 1763 stolam
670 1722 719 1762 ad
734 1723 972 1764 Caldanium
998 1724 1110 1767 dedi,
1127 1736 1342 1779 propterea
1358 1724 1464 1779 quod
1481 1723 1639 1777 quidam
1657 1737 1722 1764 eos
1752 1737 1844 1763 cum
1859 1725 1982 1764 Coni-

509 1779 564 1820 cis
580 1779 689 1820 Fabii
704 1780 926 1821 Columnae
941 1783 981 1820 in
998 1780 1276 1835 Phytobasano
1292 1781 1515 1821 confuderit
1534 1796 1556 1821 a
1573 1796 1633 1821 me
1650 1779 1785 1821 recuso
1802 1811 1809 1818 .

568 1836 719 1877 XXIIII.
751 1837 837 1891 Cap.
853 1837 1005 1876 XXIIII.
1017 1849 1099 1891 pag.
1117 1851 1177 1888 30.
1209 1836 1376 1876 Concha
1407 1837 1611 1875 Anatifera
1642 1852 1721 1876 non
1752 1848 1908 1877 tantum
1932 1836 1983 1878 ad

510 1894 639 1947 Ligna
666 1891 852 1932 adhaeret
867 1922 878 1937 ,
907 1891 971 1932 sed
1000 1893 1050 1932 ad
1079 1892 1304 1933 Testudines
1343 1905 1499 1945 quoque
1531 1893 1698 1930 marinas
1716 1921 1725 1935 ,
1758 1903 1800 1929 ut
1818 1894 1981 1933 Baianus

511 1947 746 2004 compreffus
780 1951 908 2002 major
922 1977 933 1992 ‚
963 1948 1206 1990 adhaerescit
1222 1980 1231 1995 ‚
1263 1951 1373 2002 cujus
1403 1948 1590 1988 Conchae
1623 1947 1702 1987 duo
1720 1947 1982 2001 pulcherrima

509 2004 721 2059 Exempla,
737 2006 777 2045 in
791 2006 931 2060 quibus
946 2007 1131 2047 radiatim
1148 2004 1351 2062 dispositae
1367 2004 1451 2045 sunt
1467 2003 1653 2046 Conchae
1670 2003 1758 2044 istae
1771 2032 1779 2046 ‚
1798 2005 1903 2058 apud
1921 2017 1982 2044 me

511 2062 752 2104 affervantur
772 2092 779 2099 ·
810 2063 913 2104 Tam
929 2064 969 2104 in
986 2062 1100 2119 lignis
1117 2091 1129 2108 ,
1147 2077 1266 2118 quam
1291 2065 1330 2103 in
1357 2061 1543 2102 testudine
1556 2092 1565 2107 ,
1584 2058 1803 2115 longFffimo
1822 2092 1829 2105 ,
1862 2062 1905 2101 ὃῑ
1920 2075 1983 2102 ru-

511 2118 605 2175 goso
636 2119 822 2173 pediculo
853 2119 941 2162 sunt
970 2121 1139 2162 donatae
1165 2152 1174 2166 ‚
1204 2132 1250 2161 ut
1279 2136 1301 2161 a
1331 2119 1538 2161 Gualterio
1568 2118 1727 2174 pulchre
1758 2118 1853 2158 Tab.
1893 2123 1980 2158 106.

512 2176 771 2219 ostenduntur
794 2176 862 2219 sub
887 2177 1029 2219 litteris
1046 2181 1094 2219 A.
1114 2180 1153 2219 B.
1171 2179 1221 2218 D.
1237 2178 1359 2232 Apud
1393 2192 1463 2218 nos
1478 2177 1671 2232 reperitur
1703 2189 1860 2229 quoque
1878 2177 1983 2215 Con-

512 2235 588 2276 cha
601 2233 861 2276 Cancellifera
877 2264 888 2279 ‚
918 2234 979 2277 seu
996 2234 1202 2277 Anatifera
1220 2233 1376 2276 secundi
1394 2236 1540 2290 generis
1554 2247 1602 2274 ex
1623 2234 1810 2274 tredecim
1829 2234 1981 2286 portio-

513 2293 625 2333 nibus
656 2290 832 2332 constans
850 2320 861 2336 ‚
892 2295 936 2334 &
965 2293 1197 2348 plerumque
1227 2292 1276 2333 ad
1307 2293 1453 2333 radices
1470 2322 1480 2337 ‚
1511 2289 1571 2331 seu
1590 2291 1722 2331 melius
1739 2319 1749 2335 ‚
1781 2289 1827 2328 ad
1863 2290 1979 2343 pedes

512 2348 794 2405 Myryophylli
819 2350 966 2405 pelagii
989 2347 1109 2392 Clufii
1136 2352 1353 2405 reperitur.
1385 2334 1586 2416 Iananfera
1615 2347 1784 2402 vulgaris
1808 2348 1982 2400 quinque

512 2416 667 2448 tantum
692 2407 868 2460 partibus
887 2406 949 2448 seu
965 2407 1086 2450 valvis
1112 2407 1290 2451 constat,
1320 2421 1438 2462 quam
1464 2406 1627 2461 proinde
1644 2403 1868 2444 Gualterius
1900 2416 1981 2442 non

512 2465 563 2506 ad
597 2463 800 2509 bivalvas,
831 2462 895 2507 sed
924 2465 976 2507 'ad
1013 2465 1278 2508 cancelliferas
1307 2464 1452 2506 merito
1483 2460 1901 2557 amandavit-Tabirisla
1913 2460 1982 2554 XXII.

1863 2534 1899 2573 g·
1971 2546 1978 2555 -
