<?xml version="1.0" encoding="UTF-8"?>
<!DOCTYPE html PUBLIC "-//W3C//DTD XHTML 1.0 Transitional//EN"
    "http://www.w3.org/TR/xhtml1/DTD/xhtml1-transitional.dtd">
<html xmlns="http://www.w3.org/1999/xhtml" xml:lang="en" lang="en">
 <head>
  <title>
</title>
<meta http-equiv="Content-Type" content="text/html;charset=utf-8" />
  <meta name='ocr-system' content='tesseract 3.04.00' />
  <meta name='ocr-capabilities' content='ocr_page ocr_carea ocr_par ocr_line ocrx_word'/>
</head>
<body>
  <div class='ocr_page' id='page_1' title='image "./janiplanciarimin02bian_0072.png"; bbox 0 0 2145 2910; ppageno 0'>
   <div class='ocr_carea' id='block_1_1' title="bbox 531 212 1539 256">
    <p class='ocr_par' dir='ltr' id='par_1_1' title="bbox 531 212 1539 256">
     <span class='ocr_line' id='line_1_1' title="bbox 531 212 1539 256; baseline 0.011 -11"><span class='ocrx_word' id='word_1_1' title='bbox 531 218 581 253; x_wconf 81' lang='lat'>53</span> <span class='ocrx_word' id='word_1_2' title='bbox 986 212 1539 256; x_wconf 89' lang='lat' dir='ltr'>SPECIMEN</span> 
     </span>
    </p>
   </div>
   <div class='ocr_carea' id='block_1_2' title="bbox 524 296 2014 2482">
    <p class='ocr_par' dir='ltr' id='par_1_2' title="bbox 524 296 2007 2445">
     <span class='ocr_line' id='line_1_2' title="bbox 529 296 1994 356; baseline 0.003 -18"><span class='ocrx_word' id='word_1_3' title='bbox 529 308 730 354; x_wconf 84' lang='lat' dir='ltr'>ragraret.</span> <span class='ocrx_word' id='word_1_4' title='bbox 762 296 928 338; x_wconf 74' lang='lat' dir='ltr'>Fortasse</span> <span class='ocrx_word' id='word_1_5' title='bbox 953 311 1031 337; x_wconf 92' lang='lat' dir='ltr'>non</span> <span class='ocrx_word' id='word_1_6' title='bbox 1048 299 1230 338; x_wconf 88' lang='lat' dir='ltr'>omnibus</span> <span class='ocrx_word' id='word_1_7' title='bbox 1248 299 1288 337; x_wconf 91' lang='lat' dir='ltr'>in</span> <span class='ocrx_word' id='word_1_8' title='bbox 1302 298 1400 340; x_wconf 86' lang='lat' dir='ltr'>locis</span> <span class='ocrx_word' id='word_1_9' title='bbox 1417 299 1556 339; x_wconf 89' lang='lat' dir='ltr'>eodem</span> <span class='ocrx_word' id='word_1_10' title='bbox 1572 303 1691 356; x_wconf 70' lang='lat' dir='ltr'>paeto</span> <span class='ocrx_word' id='word_1_11' title='bbox 1706 300 1859 343; x_wconf 86' lang='lat' dir='ltr'>cursum</span> <span class='ocrx_word' id='word_1_12' title='bbox 1886 301 1994 343; x_wconf 91' lang='lat' dir='ltr'>suum</span> 
     </span>
     <span class='ocr_line' id='line_1_3' title="bbox 527 352 1994 409; baseline 0.005 -16"><span class='ocrx_word' id='word_1_13' title='bbox 527 352 652 397; x_wconf 87' lang='lat' dir='ltr'>servat</span> <span class='ocrx_word' id='word_1_14' title='bbox 681 369 787 396; x_wconf 83' lang='lat' dir='ltr'>mare</span> <span class='ocrx_word' id='word_1_15' title='bbox 815 383 822 390; x_wconf 90' lang='lat'>.</span> <span class='ocrx_word' id='word_1_16' title='bbox 853 352 1085 394; x_wconf 85' lang='lat' dir='ltr'>Observavit</span> <span class='ocrx_word' id='word_1_17' title='bbox 1116 366 1319 409; x_wconf 85' lang='lat' dir='ltr'>praeterea</span> <span class='ocrx_word' id='word_1_18' title='bbox 1349 356 1620 398; x_wconf 85' lang='lat' dir='ltr'>Montanarius</span> <span class='ocrx_word' id='word_1_19' title='bbox 1655 357 1829 399; x_wconf 87' lang='lat' dir='ltr'>Flumina</span> <span class='ocrx_word' id='word_1_20' title='bbox 1857 362 1994 400; x_wconf 85' lang='lat' dir='ltr'>omnia</span> 
     </span>
     <span class='ocr_line' id='line_1_4' title="bbox 528 409 1995 466; baseline 0.003 -14"><span class='ocrx_word' id='word_1_21' title='bbox 528 412 647 452; x_wconf 86' lang='lat' dir='ltr'>Maris</span> <span class='ocrx_word' id='word_1_22' title='bbox 679 411 900 451; x_wconf 75' lang='lat' dir='ltr'>Hadriatici</span> <span class='ocrx_word' id='word_1_23' title='bbox 928 409 1177 451; x_wconf 81' lang='lat' dir='ltr'>sinistrorsum</span> <span class='ocrx_word' id='word_1_24' title='bbox 1207 413 1247 451; x_wconf 92' lang='lat' dir='ltr'>in</span> <span class='ocrx_word' id='word_1_25' title='bbox 1276 410 1403 466; x_wconf 88' lang='lat' dir='ltr'>ipsum</span> <span class='ocrx_word' id='word_1_26' title='bbox 1433 411 1468 452; x_wconf 88' lang='lat' dir='ltr'>se</span> <span class='ocrx_word' id='word_1_27' title='bbox 1497 427 1710 455; x_wconf 88' lang='lat' dir='ltr'>exonerare</span> <span class='ocrx_word' id='word_1_28' title='bbox 1743 443 1753 458; x_wconf 87' lang='lat'>‚</span> <span class='ocrx_word' id='word_1_29' title='bbox 1782 426 1830 456; x_wconf 89' lang='lat' dir='ltr'>ut</span> <span class='ocrx_word' id='word_1_30' title='bbox 1861 430 1995 457; x_wconf 87' lang='lat' dir='ltr'>revera</span> 
     </span>
     <span class='ocr_line' id='line_1_5' title="bbox 527 464 1995 525; baseline 0.002 -16"><span class='ocrx_word' id='word_1_31' title='bbox 527 467 778 509; x_wconf 78' lang='lat' dir='ltr'>sinistrorsum</span> <span class='ocrx_word' id='word_1_32' title='bbox 806 466 842 507; x_wconf 89' lang='lat' dir='ltr'>se</span> <span class='ocrx_word' id='word_1_33' title='bbox 872 464 907 506; x_wconf 88' lang='lat' dir='ltr'>se</span> <span class='ocrx_word' id='word_1_34' title='bbox 937 480 1154 508; x_wconf 83' lang='lat' dir='ltr'>exonerant</span> <span class='ocrx_word' id='word_1_35' title='bbox 1185 466 1346 509; x_wconf 84' lang='lat' dir='ltr'>flumina</span> <span class='ocrx_word' id='word_1_36' title='bbox 1377 468 1504 510; x_wconf 83' lang='lat' dir='ltr'>nostra</span> <span class='ocrx_word' id='word_1_37' title='bbox 1535 499 1544 514; x_wconf 87' lang='lat'>‚</span> <span class='ocrx_word' id='word_1_38' title='bbox 1590 469 1813 525; x_wconf 81' lang='lat' dir='ltr'>praesertim</span> <span class='ocrx_word' id='word_1_39' title='bbox 1846 474 1995 513; x_wconf 86' lang='lat' dir='ltr'>Arimi-</span> 
     </span>
     <span class='ocr_line' id='line_1_6' title="bbox 529 522 1997 581; baseline 0.003 -16"><span class='ocrx_word' id='word_1_40' title='bbox 529 523 641 565; x_wconf 90' lang='lat' dir='ltr'>nense</span> <span class='ocrx_word' id='word_1_41' title='bbox 673 522 863 565; x_wconf 86' lang='lat' dir='ltr'>Maricula</span> <span class='ocrx_word' id='word_1_42' title='bbox 895 522 1016 563; x_wconf 85' lang='lat' dir='ltr'>hodie</span> <span class='ocrx_word' id='word_1_43' title='bbox 1046 524 1198 566; x_wconf 68' lang='lat' dir='ltr'>dietum</span> <span class='ocrx_word' id='word_1_44' title='bbox 1228 541 1238 570; x_wconf 87' lang='lat'>;</span> <span class='ocrx_word' id='word_1_45' title='bbox 1267 527 1391 579; x_wconf 77' lang='lat' dir='ltr'>Qod</span> <span class='ocrx_word' id='word_1_46' title='bbox 1429 526 1622 581; x_wconf 85' lang='lat' dir='ltr'>aliquibus</span> <span class='ocrx_word' id='word_1_47' title='bbox 1665 528 1842 569; x_wconf 85' lang='lat' dir='ltr'>mirabile</span> <span class='ocrx_word' id='word_1_48' title='bbox 1870 529 1997 569; x_wconf 82' lang='lat' dir='ltr'>videri</span> 
     </span>
     <span class='ocr_line' id='line_1_7' title="bbox 529 580 1997 638; baseline 0.003 -18"><span class='ocrx_word' id='word_1_49' title='bbox 529 580 657 636; x_wconf 88' lang='lat' dir='ltr'>potest</span> <span class='ocrx_word' id='word_1_50' title='bbox 673 607 683 621; x_wconf 90' lang='lat'>,</span> <span class='ocrx_word' id='word_1_51' title='bbox 713 594 782 619; x_wconf 85' lang='lat' dir='ltr'>cur</span> <span class='ocrx_word' id='word_1_52' title='bbox 814 581 948 632; x_wconf 84' lang='lat' dir='ltr'>potius</span> <span class='ocrx_word' id='word_1_53' title='bbox 978 591 1120 622; x_wconf 85' lang='lat' dir='ltr'>contra</span> <span class='ocrx_word' id='word_1_54' title='bbox 1143 581 1298 623; x_wconf 89' lang='lat' dir='ltr'>cursum</span> <span class='ocrx_word' id='word_1_55' title='bbox 1315 585 1428 624; x_wconf 89' lang='lat' dir='ltr'>maris</span> <span class='ocrx_word' id='word_1_56' title='bbox 1446 584 1713 637; x_wconf 82' lang='lat' dir='ltr'><strong>ingrediantur</strong></span> <span class='ocrx_word' id='word_1_57' title='bbox 1732 613 1742 628; x_wconf 87' lang='lat'>‚</span> <span class='ocrx_word' id='word_1_58' title='bbox 1772 586 1884 638; x_wconf 89' lang='lat' dir='ltr'>eique</span> <span class='ocrx_word' id='word_1_59' title='bbox 1902 585 1997 625; x_wconf 88' lang='lat' dir='ltr'>dum</span> 
     </span>
     <span class='ocr_line' id='line_1_8' title="bbox 529 635 1997 698; baseline 0.003 -21"><span class='ocrx_word' id='word_1_60' title='bbox 529 635 699 677; x_wconf 81' lang='lat' dir='ltr'>influunt</span> <span class='ocrx_word' id='word_1_61' title='bbox 730 650 810 675; x_wconf 92' lang='lat' dir='ltr'>non</span> <span class='ocrx_word' id='word_1_62' title='bbox 840 635 1126 689; x_wconf 83' lang='lat' dir='ltr'>obsequantur.</span> <span class='ocrx_word' id='word_1_63' title='bbox 1157 640 1230 680; x_wconf 88' lang='lat' dir='ltr'>Sed</span> <span class='ocrx_word' id='word_1_64' title='bbox 1260 639 1371 693; x_wconf 91' lang='lat' dir='ltr'>hujus</span> <span class='ocrx_word' id='word_1_65' title='bbox 1397 641 1450 680; x_wconf 84' lang='lat' dir='ltr'>rei</span> <span class='ocrx_word' id='word_1_66' title='bbox 1466 642 1569 681; x_wconf 87' lang='lat' dir='ltr'>ratio</span> <span class='ocrx_word' id='word_1_67' title='bbox 1586 639 1662 687; x_wconf 88' lang='lat' dir='ltr'>est,</span> <span class='ocrx_word' id='word_1_68' title='bbox 1692 642 1800 696; x_wconf 90' lang='lat' dir='ltr'>quod</span> <span class='ocrx_word' id='word_1_69' title='bbox 1818 653 1997 698; x_wconf 87' lang='lat' dir='ltr'>tempore</span> 
     </span>
     <span class='ocr_line' id='line_1_9' title="bbox 526 690 1998 747; baseline 0.004 -14"><span class='ocrx_word' id='word_1_70' title='bbox 526 690 666 733; x_wconf 91' lang='lat' dir='ltr'>Cursus</span> <span class='ocrx_word' id='word_1_71' title='bbox 696 692 895 747; x_wconf 80' lang='lat' dir='ltr'>tranquilli</span> <span class='ocrx_word' id='word_1_72' title='bbox 925 694 1107 735; x_wconf 87' lang='lat' dir='ltr'>Fluminis</span> <span class='ocrx_word' id='word_1_73' title='bbox 1139 696 1188 736; x_wconf 85' lang='lat' dir='ltr'>ad</span> <span class='ocrx_word' id='word_1_74' title='bbox 1220 696 1424 737; x_wconf 83' lang='lat' dir='ltr'>dexteram</span> <span class='ocrx_word' id='word_1_75' title='bbox 1455 700 1588 738; x_wconf 82' lang='lat' dir='ltr'><strong>Arena</strong></span> <span class='ocrx_word' id='word_1_76' title='bbox 1617 699 1661 738; x_wconf 70' lang='grc' dir='ltr'>ὅς</span> <span class='ocrx_word' id='word_1_77' title='bbox 1689 699 1869 739; x_wconf 91' lang='lat' dir='ltr'>Coenum</span> <span class='ocrx_word' id='word_1_78' title='bbox 1897 698 1998 739; x_wconf 90' lang='lat' dir='ltr'>mul-</span> 
     </span>
     <span class='ocr_line' id='line_1_10' title="bbox 531 748 2000 808; baseline 0.003 -19"><span class='ocrx_word' id='word_1_79' title='bbox 531 759 609 790; x_wconf 82' lang='lat' dir='ltr'>:um</span> <span class='ocrx_word' id='word_1_80' title='bbox 636 760 843 804; x_wconf 81' lang='lat' dir='ltr'>aggeratur</span> <span class='ocrx_word' id='word_1_81' title='bbox 875 748 1045 791; x_wconf 88' lang='lat' dir='ltr'>secundo</span> <span class='ocrx_word' id='word_1_82' title='bbox 1075 754 1190 792; x_wconf 87' lang='lat' dir='ltr'>maris</span> <span class='ocrx_word' id='word_1_83' title='bbox 1220 751 1329 794; x_wconf 81' lang='lat' dir='ltr'>fluxu</span> <span class='ocrx_word' id='word_1_84' title='bbox 1360 755 1414 795; x_wconf 89' lang='lat' dir='ltr'>ibi</span> <span class='ocrx_word' id='word_1_85' title='bbox 1446 766 1746 808; x_wconf 80' lang='lat' dir='ltr'>comportatum</span> <span class='ocrx_word' id='word_1_86' title='bbox 1779 782 1788 790; x_wconf 85' lang='lat'><strong>·</strong></span> <span class='ocrx_word' id='word_1_87' title='bbox 1823 756 2000 808; x_wconf 89' lang='lat' dir='ltr'>Tempo-</span> 
     </span>
     <span class='ocr_line' id='line_1_11' title="bbox 525 807 1997 862; baseline 0.001 -14"><span class='ocrx_word' id='word_1_88' title='bbox 525 820 567 848; x_wconf 83' lang='lat' dir='ltr'>re</span> <span class='ocrx_word' id='word_1_89' title='bbox 597 821 694 847; x_wconf 86' lang='lat' dir='ltr'>vero</span> <span class='ocrx_word' id='word_1_90' title='bbox 713 835 722 850; x_wconf 89' lang='lat'>‚</span> <span class='ocrx_word' id='word_1_91' title='bbox 753 821 834 861; x_wconf 90' lang='lat' dir='ltr'>quo</span> <span class='ocrx_word' id='word_1_92' title='bbox 859 807 1033 846; x_wconf 85' lang='lat' dir='ltr'>Flumina</span> <span class='ocrx_word' id='word_1_93' title='bbox 1048 810 1170 860; x_wconf 87' lang='lat' dir='ltr'>Aquis</span> <span class='ocrx_word' id='word_1_94' title='bbox 1203 810 1347 862; x_wconf 86' lang='lat' dir='ltr'>pluviis</span> <span class='ocrx_word' id='word_1_95' title='bbox 1380 821 1535 850; x_wconf 89' lang='lat' dir='ltr'>tument</span> <span class='ocrx_word' id='word_1_96' title='bbox 1565 812 1609 849; x_wconf 68' lang='grc' dir='ltr'>ὃς</span> <span class='ocrx_word' id='word_1_97' title='bbox 1639 809 1870 856; x_wconf 87' lang='lat' dir='ltr'><strong>exundant,</strong></span> <span class='ocrx_word' id='word_1_98' title='bbox 1900 821 1997 850; x_wconf 91' lang='lat' dir='ltr'>tunc</span> 
     </span>
     <span class='ocr_line' id='line_1_12' title="bbox 524 862 1995 920; baseline 0.003 -17"><span class='ocrx_word' id='word_1_99' title='bbox 524 874 691 919; x_wconf 81' lang='lat' dir='ltr'>propter</span> <span class='ocrx_word' id='word_1_100' title='bbox 722 862 1050 916; x_wconf 84' lang='lat' dir='ltr'>impedimentum</span> <span class='ocrx_word' id='word_1_101' title='bbox 1079 863 1177 904; x_wconf 89' lang='lat' dir='ltr'>illud</span> <span class='ocrx_word' id='word_1_102' title='bbox 1207 879 1229 904; x_wconf 87' lang='lat' dir='ltr'>a</span> <span class='ocrx_word' id='word_1_103' title='bbox 1259 865 1427 907; x_wconf 86' lang='lat' dir='ltr'>dexteris</span> <span class='ocrx_word' id='word_1_104' title='bbox 1459 864 1659 920; x_wconf 85' lang='lat' dir='ltr'>aggestum</span> <span class='ocrx_word' id='word_1_105' title='bbox 1688 893 1698 908; x_wconf 88' lang='lat'>‚</span> <span class='ocrx_word' id='word_1_106' title='bbox 1743 864 1995 907; x_wconf 69' lang='lat' dir='ltr'>sinistrorsum</span> 
     </span>
     <span class='ocr_line' id='line_1_13' title="bbox 525 919 1994 975; baseline 0.001 -14"><span class='ocrx_word' id='word_1_107' title='bbox 525 919 565 961; x_wconf 81' lang='lat' dir='ltr'>se</span> <span class='ocrx_word' id='word_1_108' title='bbox 594 931 859 963; x_wconf 85' lang='lat' dir='ltr'>convertunt,</span> <span class='ocrx_word' id='word_1_109' title='bbox 890 921 933 959; x_wconf 87' lang='lat'>&amp;</span> <span class='ocrx_word' id='word_1_110' title='bbox 958 921 1109 975; x_wconf 89' lang='lat' dir='ltr'>impetu</span> <span class='ocrx_word' id='word_1_111' title='bbox 1141 920 1248 961; x_wconf 61' lang='lat' dir='ltr'>facto</span> <span class='ocrx_word' id='word_1_112' title='bbox 1273 922 1429 963; x_wconf 88' lang='lat' dir='ltr'>irruunt</span> <span class='ocrx_word' id='word_1_113' title='bbox 1446 954 1455 968; x_wconf 95' lang='lat'><strong><em>‚</em></strong></span> <span class='ocrx_word' id='word_1_114' title='bbox 1487 934 1531 962; x_wconf 90' lang='lat' dir='ltr'>ut</span> <span class='ocrx_word' id='word_1_115' title='bbox 1548 937 1678 963; x_wconf 85' lang='lat' dir='ltr'>revera</span> <span class='ocrx_word' id='word_1_116' title='bbox 1698 921 1859 975; x_wconf 89' lang='lat' dir='ltr'>strepitu</span> <span class='ocrx_word' id='word_1_117' title='bbox 1877 924 1994 963; x_wconf 88' lang='lat' dir='ltr'>irruit</span> 
     </span>
     <span class='ocr_line' id='line_1_14' title="bbox 527 975 1999 1032; baseline 0.001 -15"><span class='ocrx_word' id='word_1_118' title='bbox 527 977 681 1021; x_wconf 89' lang='lat' dir='ltr'>noster,</span> <span class='ocrx_word' id='word_1_119' title='bbox 712 979 755 1018; x_wconf 83' lang='lat'>&amp;</span> <span class='ocrx_word' id='word_1_120' title='bbox 783 975 871 1017; x_wconf 86' lang='lat' dir='ltr'>saxa</span> <span class='ocrx_word' id='word_1_121' title='bbox 902 977 1151 1032; x_wconf 85' lang='lat' dir='ltr'>glareamque</span> <span class='ocrx_word' id='word_1_122' title='bbox 1181 980 1346 1019; x_wconf 86' lang='lat' dir='ltr'>multam</span> <span class='ocrx_word' id='word_1_123' title='bbox 1378 979 1425 1018; x_wconf 91' lang='lat' dir='ltr'>ad</span> <span class='ocrx_word' id='word_1_124' title='bbox 1458 977 1644 1019; x_wconf 86' lang='lat' dir='ltr'>finistram</span> <span class='ocrx_word' id='word_1_125' title='bbox 1674 979 1805 1031; x_wconf 86' lang='lat' dir='ltr'>rejicit</span> <span class='ocrx_word' id='word_1_126' title='bbox 1834 1007 1845 1022; x_wconf 87' lang='lat'><strong><em>,</em></strong></span> <span class='ocrx_word' id='word_1_127' title='bbox 1875 990 1920 1018; x_wconf 90' lang='lat' dir='ltr'>ut</span> <span class='ocrx_word' id='word_1_128' title='bbox 1950 992 1999 1019; x_wconf 82' lang='lat' dir='ltr'>ex</span> 
     </span>
     <span class='ocr_line' id='line_1_15' title="bbox 526 1033 1998 1090; baseline 0.001 -17"><span class='ocrx_word' id='word_1_129' title='bbox 526 1034 583 1075; x_wconf 82' lang='lat' dir='ltr'>his</span> <span class='ocrx_word' id='word_1_130' title='bbox 614 1033 710 1075; x_wconf 86' lang='lat' dir='ltr'>saxis</span> <span class='ocrx_word' id='word_1_131' title='bbox 742 1035 949 1088; x_wconf 83' lang='lat' dir='ltr'>glareaque</span> <span class='ocrx_word' id='word_1_132' title='bbox 979 1049 1099 1090; x_wconf 84' lang='lat' dir='ltr'>agger</span> <span class='ocrx_word' id='word_1_133' title='bbox 1128 1036 1290 1090; x_wconf 86' lang='lat' dir='ltr'>quidam</span> <span class='ocrx_word' id='word_1_134' title='bbox 1309 1063 1318 1078; x_wconf 83' lang='lat'>‚</span> <span class='ocrx_word' id='word_1_135' title='bbox 1348 1037 1390 1075; x_wconf 85' lang='lat'>&amp;</span> <span class='ocrx_word' id='word_1_136' title='bbox 1421 1038 1449 1075; x_wconf 89' lang='lat' dir='ltr'>is</span> <span class='ocrx_word' id='word_1_137' title='bbox 1482 1034 1569 1075; x_wconf 85' lang='lat' dir='ltr'>satis</span> <span class='ocrx_word' id='word_1_138' title='bbox 1596 1036 1695 1076; x_wconf 86' lang='lat' dir='ltr'>altus</span> <span class='ocrx_word' id='word_1_139' title='bbox 1726 1049 1774 1074; x_wconf 85' lang='lat' dir='ltr'>ex</span> <span class='ocrx_word' id='word_1_140' title='bbox 1805 1050 1998 1089; x_wconf 87' lang='lat' dir='ltr'>aquarum</span> 
     </span>
     <span class='ocr_line' id='line_1_16' title="bbox 528 1090 1998 1146; baseline 0.001 -16"><span class='ocrx_word' id='word_1_141' title='bbox 528 1090 742 1132; x_wconf 85' lang='lat' dir='ltr'>sedimento</span> <span class='ocrx_word' id='word_1_142' title='bbox 772 1093 963 1132; x_wconf 86' lang='lat' dir='ltr'>excitetur</span> <span class='ocrx_word' id='word_1_143' title='bbox 989 1123 998 1136; x_wconf 95' lang='lat'><strong><em>,</em></strong></span> <span class='ocrx_word' id='word_1_144' title='bbox 1029 1094 1096 1146; x_wconf 90' lang='lat' dir='ltr'>qui</span> <span class='ocrx_word' id='word_1_145' title='bbox 1127 1093 1175 1132; x_wconf 80' lang='lat' dir='ltr'>ad</span> <span class='ocrx_word' id='word_1_146' title='bbox 1207 1093 1288 1133; x_wconf 91' lang='lat' dir='ltr'>duo</span> <span class='ocrx_word' id='word_1_147' title='bbox 1322 1091 1445 1132; x_wconf 85' lang='lat' dir='ltr'>millia</span> <span class='ocrx_word' id='word_1_148' title='bbox 1478 1092 1651 1145; x_wconf 67' lang='lat' dir='ltr'>passuum</span> <span class='ocrx_word' id='word_1_149' title='bbox 1685 1092 1842 1131; x_wconf 83' lang='lat' dir='ltr'>circiter</span> <span class='ocrx_word' id='word_1_150' title='bbox 1871 1106 1998 1146; x_wconf 88' lang='lat' dir='ltr'>prope</span> 
     </span>
     <span class='ocr_line' id='line_1_17' title="bbox 530 1146 1998 1202; baseline -0.002 -13"><span class='ocrx_word' id='word_1_151' title='bbox 530 1149 642 1189; x_wconf 84' lang='lat' dir='ltr'>Mare</span> <span class='ocrx_word' id='word_1_152' title='bbox 661 1177 669 1191; x_wconf 94' lang='lat'><strong><em>‚</em></strong></span> <span class='ocrx_word' id='word_1_153' title='bbox 700 1146 831 1187; x_wconf 78' lang='lat' dir='ltr'>sensim</span> <span class='ocrx_word' id='word_1_154' title='bbox 858 1160 989 1188; x_wconf 88' lang='lat' dir='ltr'>tamen</span> <span class='ocrx_word' id='word_1_155' title='bbox 1021 1150 1246 1189; x_wconf 83' lang='lat' dir='ltr'>imminutus</span> <span class='ocrx_word' id='word_1_156' title='bbox 1266 1177 1274 1191; x_wconf 89' lang='lat'><strong><em>‚</em></strong></span> <span class='ocrx_word' id='word_1_157' title='bbox 1309 1150 1586 1202; x_wconf 87' lang='lat' dir='ltr'>protenditur.</span> <span class='ocrx_word' id='word_1_158' title='bbox 1620 1148 1666 1187; x_wconf 89' lang='lat' dir='ltr'>Id</span> <span class='ocrx_word' id='word_1_159' title='bbox 1696 1147 1843 1187; x_wconf 83' lang='lat' dir='ltr'>accidit</span> <span class='ocrx_word' id='word_1_160' title='bbox 1873 1149 1998 1188; x_wconf 82' lang='lat' dir='ltr'>etiam</span> 
     </span>
     <span class='ocr_line' id='line_1_18' title="bbox 531 1202 2000 1258; baseline -0.001 -14"><span class='ocrx_word' id='word_1_161' title='bbox 531 1205 573 1244; x_wconf 86' lang='lat' dir='ltr'>in</span> <span class='ocrx_word' id='word_1_162' title='bbox 603 1205 786 1244; x_wconf 87' lang='lat' dir='ltr'>Metauro</span> <span class='ocrx_word' id='word_1_163' title='bbox 811 1205 935 1243; x_wconf 88' lang='lat' dir='ltr'>nobili</span> <span class='ocrx_word' id='word_1_164' title='bbox 965 1207 1147 1258; x_wconf 80' lang='lat' dir='ltr'>antiquae</span> <span class='ocrx_word' id='word_1_165' title='bbox 1164 1205 1317 1245; x_wconf 85' lang='lat' dir='ltr'>Galliae</span> <span class='ocrx_word' id='word_1_166' title='bbox 1345 1207 1543 1245; x_wconf 90' lang='lat' dir='ltr'>Senonum</span> <span class='ocrx_word' id='word_1_167' title='bbox 1576 1202 1736 1244; x_wconf 87' lang='lat' dir='ltr'>flumine</span> <span class='ocrx_word' id='word_1_168' title='bbox 1754 1234 1764 1248; x_wconf 94' lang='lat'><strong><em>,</em></strong></span> <span class='ocrx_word' id='word_1_169' title='bbox 1793 1214 1839 1243; x_wconf 91' lang='lat' dir='ltr'>ut</span> <span class='ocrx_word' id='word_1_170' title='bbox 1865 1205 2000 1256; x_wconf 84' lang='lat' dir='ltr'>glarea</span> 
     </span>
     <span class='ocr_line' id='line_1_19' title="bbox 531 1257 2000 1316; baseline -0.001 -15"><span class='ocrx_word' id='word_1_171' title='bbox 531 1262 611 1313; x_wconf 88' lang='lat' dir='ltr'>ejus</span> <span class='ocrx_word' id='word_1_172' title='bbox 641 1258 839 1300; x_wconf 85' lang='lat' dir='ltr'>Pisaurum</span> <span class='ocrx_word' id='word_1_173' title='bbox 866 1257 981 1312; x_wconf 88' lang='lat' dir='ltr'>usque</span> <span class='ocrx_word' id='word_1_174' title='bbox 999 1261 1219 1301; x_wconf 75' lang='lat' dir='ltr'>advehatur</span> <span class='ocrx_word' id='word_1_175' title='bbox 1236 1289 1246 1304; x_wconf 93' lang='lat'><em>‚</em></span> <span class='ocrx_word' id='word_1_176' title='bbox 1277 1262 1384 1316; x_wconf 88' lang='lat' dir='ltr'>quod</span> <span class='ocrx_word' id='word_1_177' title='bbox 1401 1260 1547 1301; x_wconf 78' lang='lat' dir='ltr'>caussae</span> <span class='ocrx_word' id='word_1_178' title='bbox 1563 1259 1616 1300; x_wconf 87' lang='lat' dir='ltr'>est</span> <span class='ocrx_word' id='word_1_179' title='bbox 1633 1271 1678 1299; x_wconf 90' lang='lat' dir='ltr'>ut</span> <span class='ocrx_word' id='word_1_180' title='bbox 1696 1260 1835 1299; x_wconf 88' lang='lat' dir='ltr'>Portus</span> <span class='ocrx_word' id='word_1_181' title='bbox 1852 1287 1863 1303; x_wconf 91' lang='lat'>,</span> <span class='ocrx_word' id='word_1_182' title='bbox 1882 1274 2000 1314; x_wconf 90' lang='lat' dir='ltr'>quem</span> 
     </span>
     <span class='ocr_line' id='line_1_20' title="bbox 530 1314 1996 1370; baseline 0 -13"><span class='ocrx_word' id='word_1_183' title='bbox 530 1318 680 1370; x_wconf 83' lang='lat' dir='ltr'>magnis</span> <span class='ocrx_word' id='word_1_184' title='bbox 705 1314 890 1356; x_wconf 88' lang='lat' dir='ltr'>sumtibus</span> <span class='ocrx_word' id='word_1_185' title='bbox 923 1318 1040 1356; x_wconf 89' lang='lat' dir='ltr'>toties</span> <span class='ocrx_word' id='word_1_186' title='bbox 1067 1315 1134 1357; x_wconf 86' lang='lat' dir='ltr'>fibi</span> <span class='ocrx_word' id='word_1_187' title='bbox 1165 1316 1465 1358; x_wconf 88' lang='lat' dir='ltr'>construxerunt</span> <span class='ocrx_word' id='word_1_188' title='bbox 1484 1314 1665 1356; x_wconf 87' lang='lat' dir='ltr'>Fanenses</span> <span class='ocrx_word' id='word_1_189' title='bbox 1684 1317 1737 1355; x_wconf 90' lang='lat' dir='ltr'>cis</span> <span class='ocrx_word' id='word_1_190' title='bbox 1756 1316 1996 1361; x_wconf 82' lang='lat' dir='ltr'>Metaurum,</span> 
     </span>
     <span class='ocr_line' id='line_1_21' title="bbox 530 1370 2000 1429; baseline -0.001 -16"><span class='ocrx_word' id='word_1_191' title='bbox 530 1371 757 1426; x_wconf 86' lang='lat' dir='ltr'>hujusmodi</span> <span class='ocrx_word' id='word_1_192' title='bbox 789 1373 919 1426; x_wconf 86' lang='lat' dir='ltr'>glarea</span> <span class='ocrx_word' id='word_1_193' title='bbox 947 1370 1095 1427; x_wconf 85' lang='lat' dir='ltr'>semper</span> <span class='ocrx_word' id='word_1_194' title='bbox 1127 1373 1374 1429; x_wconf 87' lang='lat' dir='ltr'>compleatur</span> <span class='ocrx_word' id='word_1_195' title='bbox 1400 1404 1410 1418; x_wconf 91' lang='lat'>‚</span> <span class='ocrx_word' id='word_1_196' title='bbox 1440 1375 1483 1412; x_wconf 88' lang='lat'>&amp;</span> <span class='ocrx_word' id='word_1_197' title='bbox 1516 1372 1667 1412; x_wconf 84' lang='lat' dir='ltr'>inutilis</span> <span class='ocrx_word' id='word_1_198' title='bbox 1700 1370 1772 1417; x_wconf 86' lang='lat' dir='ltr'>fit,</span> <span class='ocrx_word' id='word_1_199' title='bbox 1804 1386 1927 1426; x_wconf 91' lang='lat' dir='ltr'>quum</span> <span class='ocrx_word' id='word_1_200' title='bbox 1959 1378 2000 1412; x_wconf 87' lang='lat' dir='ltr'>in</span> 
     </span>
     <span class='ocr_line' id='line_1_22' title="bbox 532 1428 2000 1484; baseline 0 -14"><span class='ocrx_word' id='word_1_201' title='bbox 532 1429 620 1484; x_wconf 86' lang='lat' dir='ltr'>ipso</span> <span class='ocrx_word' id='word_1_202' title='bbox 650 1431 833 1470; x_wconf 83' lang='lat' dir='ltr'>Metauro</span> <span class='ocrx_word' id='word_1_203' title='bbox 850 1428 976 1469; x_wconf 77' lang='lat' dir='ltr'>fuisset</span> <span class='ocrx_word' id='word_1_204' title='bbox 991 1429 1266 1470; x_wconf 83' lang='lat' dir='ltr'>construendus</span> <span class='ocrx_word' id='word_1_205' title='bbox 1284 1458 1294 1472; x_wconf 86' lang='lat'>‚</span> <span class='ocrx_word' id='word_1_206' title='bbox 1326 1441 1371 1470; x_wconf 93' lang='lat' dir='ltr'>ut</span> <span class='ocrx_word' id='word_1_207' title='bbox 1388 1429 1494 1469; x_wconf 88' lang='lat' dir='ltr'>utilis</span> <span class='ocrx_word' id='word_1_208' title='bbox 1513 1429 1555 1468; x_wconf 86' lang='lat'>&amp;</span> <span class='ocrx_word' id='word_1_209' title='bbox 1573 1440 1784 1482; x_wconf 89' lang='lat' dir='ltr'>perpetuus</span> <span class='ocrx_word' id='word_1_210' title='bbox 1802 1440 2000 1470; x_wconf 88' lang='lat' dir='ltr'>maneret-</span> 
     </span>
     <span class='ocr_line' id='line_1_23' title="bbox 533 1483 2000 1541; baseline -0.001 -14"><span class='ocrx_word' id='word_1_211' title='bbox 533 1485 825 1541; x_wconf 84' lang='lat' dir='ltr'>Guglielrninus</span> <span class='ocrx_word' id='word_1_212' title='bbox 857 1487 1100 1527; x_wconf 86' lang='lat' dir='ltr'>Montanarii</span> <span class='ocrx_word' id='word_1_213' title='bbox 1129 1485 1337 1540; x_wconf 89' lang='lat' dir='ltr'>discipulus</span> <span class='ocrx_word' id='word_1_214' title='bbox 1366 1500 1606 1540; x_wconf 88' lang='lat' dir='ltr'>quamquam</span> <span class='ocrx_word' id='word_1_215' title='bbox 1637 1499 1727 1524; x_wconf 90' lang='lat' dir='ltr'>cum</span> <span class='ocrx_word' id='word_1_216' title='bbox 1760 1483 1846 1539; x_wconf 89' lang='lat' dir='ltr'>ipso</span> <span class='ocrx_word' id='word_1_217' title='bbox 1879 1500 2000 1538; x_wconf 86' lang='lat' dir='ltr'>agno-</span> 
     </span>
     <span class='ocr_line' id='line_1_24' title="bbox 533 1540 2002 1594; baseline -0.001 -12"><span class='ocrx_word' id='word_1_218' title='bbox 533 1541 615 1583; x_wconf 84' lang='lat' dir='ltr'>scat</span> <span class='ocrx_word' id='word_1_219' title='bbox 641 1541 806 1583; x_wconf 87' lang='lat' dir='ltr'>Cursum</span> <span class='ocrx_word' id='word_1_220' title='bbox 845 1544 961 1581; x_wconf 88' lang='lat' dir='ltr'>maris</span> <span class='ocrx_word' id='word_1_221' title='bbox 989 1542 1107 1581; x_wconf 87' lang='lat' dir='ltr'>nostri</span> <span class='ocrx_word' id='word_1_222' title='bbox 1135 1543 1241 1594; x_wconf 87' lang='lat' dir='ltr'>apud</span> <span class='ocrx_word' id='word_1_223' title='bbox 1272 1556 1341 1580; x_wconf 92' lang='lat' dir='ltr'>nos</span> <span class='ocrx_word' id='word_1_224' title='bbox 1366 1540 1614 1580; x_wconf 84' lang='lat' dir='ltr'>dextrorsum</span> <span class='ocrx_word' id='word_1_225' title='bbox 1647 1542 1808 1581; x_wconf 87' lang='lat' dir='ltr'>tendere</span> <span class='ocrx_word' id='word_1_226' title='bbox 1827 1572 1837 1586; x_wconf 89' lang='lat'>,</span> <span class='ocrx_word' id='word_1_227' title='bbox 1868 1552 2002 1581; x_wconf 88' lang='lat' dir='ltr'>tamen</span> 
     </span>
     <span class='ocr_line' id='line_1_25' title="bbox 535 1593 2007 1651; baseline -0.002 -12"><span class='ocrx_word' id='word_1_228' title='bbox 535 1599 681 1639; x_wconf 89' lang='lat' dir='ltr'>oblitus</span> <span class='ocrx_word' id='word_1_229' title='bbox 712 1597 764 1637; x_wconf 92' lang='lat' dir='ltr'>est</span> <span class='ocrx_word' id='word_1_230' title='bbox 789 1598 897 1651; x_wconf 92' lang='lat' dir='ltr'>quod</span> <span class='ocrx_word' id='word_1_231' title='bbox 926 1595 1077 1637; x_wconf 89' lang='lat' dir='ltr'>disertis</span> <span class='ocrx_word' id='word_1_232' title='bbox 1107 1598 1232 1638; x_wconf 90' lang='lat' dir='ltr'>verbis</span> <span class='ocrx_word' id='word_1_233' title='bbox 1263 1593 1470 1649; x_wconf 86' lang='lat' dir='ltr'>scripserat</span> <span class='ocrx_word' id='word_1_234' title='bbox 1502 1596 1774 1635; x_wconf 87' lang='lat' dir='ltr'>Montanarius</span> <span class='ocrx_word' id='word_1_235' title='bbox 1800 1596 1848 1636; x_wconf 92' lang='lat' dir='ltr'>de</span> <span class='ocrx_word' id='word_1_236' title='bbox 1864 1595 2007 1650; x_wconf 90' lang='lat' dir='ltr'>ingres-</span> 
     </span>
     <span class='ocr_line' id='line_1_26' title="bbox 535 1651 2002 1706; baseline -0.002 -11"><span class='ocrx_word' id='word_1_237' title='bbox 535 1653 577 1695; x_wconf 87' lang='lat' dir='ltr'>su</span> <span class='ocrx_word' id='word_1_238' title='bbox 607 1654 812 1696; x_wconf 84' lang='lat' dir='ltr'>fluminum</span> <span class='ocrx_word' id='word_1_239' title='bbox 842 1655 883 1692; x_wconf 91' lang='lat' dir='ltr'>in</span> <span class='ocrx_word' id='word_1_240' title='bbox 912 1667 1018 1692; x_wconf 86' lang='lat' dir='ltr'>mare</span> <span class='ocrx_word' id='word_1_241' title='bbox 1049 1651 1247 1695; x_wconf 76' lang='lat' dir='ltr'>nostrum,</span> <span class='ocrx_word' id='word_1_242' title='bbox 1278 1653 1321 1691; x_wconf 87' lang='lat'>&amp;</span> <span class='ocrx_word' id='word_1_243' title='bbox 1346 1662 1485 1692; x_wconf 82' lang='lat' dir='ltr'>contra</span> <span class='ocrx_word' id='word_1_244' title='bbox 1524 1653 1812 1706; x_wconf 83' lang='lat' dir='ltr'>experientiam</span> <span class='ocrx_word' id='word_1_245' title='bbox 1844 1651 2002 1692; x_wconf 78' lang='lat' dir='ltr'>asseruit</span> 
     </span>
     <span class='ocr_line' id='line_1_27' title="bbox 535 1706 1999 1762; baseline 0 -12"><span class='ocrx_word' id='word_1_246' title='bbox 535 1711 713 1750; x_wconf 81' lang='lat' dir='ltr'>Flumina</span> <span class='ocrx_word' id='word_1_247' title='bbox 729 1707 1004 1755; x_wconf 87' lang='lat' dir='ltr'>Ferrarienfia‚</span> <span class='ocrx_word' id='word_1_248' title='bbox 1034 1711 1077 1749; x_wconf 76' lang='grc' dir='ltr'>ὃς</span> <span class='ocrx_word' id='word_1_249' title='bbox 1104 1709 1256 1749; x_wconf 88' lang='lat' dir='ltr'>Galliae</span> <span class='ocrx_word' id='word_1_250' title='bbox 1287 1707 1438 1749; x_wconf 88' lang='lat' dir='ltr'>nostrae</span> <span class='ocrx_word' id='word_1_251' title='bbox 1469 1718 1656 1762; x_wconf 82' lang='lat' dir='ltr'>togatae,</span> <span class='ocrx_word' id='word_1_252' title='bbox 1687 1706 1750 1748; x_wconf 88' lang='lat' dir='ltr'>seu</span> <span class='ocrx_word' id='word_1_253' title='bbox 1778 1708 1999 1754; x_wconf 87' lang='lat' dir='ltr'>Aemiliae,</span> 
     </span>
     <span class='ocr_line' id='line_1_28' title="bbox 539 1763 1996 1820; baseline -0.001 -13"><span class='ocrx_word' id='word_1_254' title='bbox 539 1780 583 1808; x_wconf 84' lang='lat' dir='ltr'>ut</span> <span class='ocrx_word' id='word_1_255' title='bbox 610 1767 726 1807; x_wconf 81' lang='lat' dir='ltr'>hodie</span> <span class='ocrx_word' id='word_1_256' title='bbox 756 1776 923 1807; x_wconf 83' lang='lat' dir='ltr'>vocatur</span> <span class='ocrx_word' id='word_1_257' title='bbox 949 1794 959 1808; x_wconf 91' lang='lat'>,</span> <span class='ocrx_word' id='word_1_258' title='bbox 992 1766 1041 1806; x_wconf 85' lang='lat' dir='ltr'>ad</span> <span class='ocrx_word' id='word_1_259' title='bbox 1067 1766 1271 1806; x_wconf 85' lang='lat' dir='ltr'>dexteram</span> <span class='ocrx_word' id='word_1_260' title='bbox 1303 1768 1342 1805; x_wconf 92' lang='lat' dir='ltr'>in</span> <span class='ocrx_word' id='word_1_261' title='bbox 1361 1767 1472 1806; x_wconf 89' lang='lat' dir='ltr'>Mare</span> <span class='ocrx_word' id='word_1_262' title='bbox 1489 1763 1652 1806; x_wconf 84' lang='lat' dir='ltr'>influere</span> <span class='ocrx_word' id='word_1_263' title='bbox 1684 1768 1782 1814; x_wconf 82' lang='lat' dir='ltr'>(a),</span> <span class='ocrx_word' id='word_1_264' title='bbox 1806 1765 1996 1820; x_wconf 89' lang='lat' dir='ltr'>deceptus</span> 
     </span>
     <span class='ocr_line' id='line_1_29' title="bbox 539 1821 2003 1878; baseline -0.001 -14"><span class='ocrx_word' id='word_1_265' title='bbox 539 1838 680 1878; x_wconf 86' lang='lat' dir='ltr'>nempe</span> <span class='ocrx_word' id='word_1_266' title='bbox 704 1823 856 1862; x_wconf 87' lang='lat' dir='ltr'>ratione</span> <span class='ocrx_word' id='word_1_267' title='bbox 886 1821 1009 1860; x_wconf 86' lang='lat' dir='ltr'>fluxus</span> <span class='ocrx_word' id='word_1_268' title='bbox 1039 1823 1155 1860; x_wconf 83' lang='lat' dir='ltr'>maris</span> <span class='ocrx_word' id='word_1_269' title='bbox 1186 1821 1288 1859; x_wconf 85' lang='lat' dir='ltr'>illius</span> <span class='ocrx_word' id='word_1_270' title='bbox 1320 1821 1478 1863; x_wconf 85' lang='lat' dir='ltr'>dextri,</span> <span class='ocrx_word' id='word_1_271' title='bbox 1511 1823 1579 1872; x_wconf 89' lang='lat' dir='ltr'>qui</span> <span class='ocrx_word' id='word_1_272' title='bbox 1610 1822 1801 1862; x_wconf 88' lang='lat' dir='ltr'>debuerat</span> <span class='ocrx_word' id='word_1_273' title='bbox 1819 1822 2003 1863; x_wconf 86' lang='lat' dir='ltr'>dextror-</span> 
     </span>
     <span class='ocr_line' id='line_1_30' title="bbox 538 1874 2003 1929; baseline -0.005 -11"><span class='ocrx_word' id='word_1_274' title='bbox 538 1878 620 1919; x_wconf 83' lang='lat' dir='ltr'>sum</span> <span class='ocrx_word' id='word_1_275' title='bbox 648 1879 781 1918; x_wconf 85' lang='lat' dir='ltr'>omnia</span> <span class='ocrx_word' id='word_1_276' title='bbox 805 1886 1086 1929; x_wconf 85' lang='lat' dir='ltr'>comportare.</span> <span class='ocrx_word' id='word_1_277' title='bbox 1119 1877 1177 1914; x_wconf 92' lang='lat' dir='ltr'>At</span> <span class='ocrx_word' id='word_1_278' title='bbox 1208 1874 1312 1914; x_wconf 87' lang='lat' dir='ltr'>nuda</span> <span class='ocrx_word' id='word_1_279' title='bbox 1341 1875 1444 1914; x_wconf 87' lang='lat' dir='ltr'>ratio</span> <span class='ocrx_word' id='word_1_280' title='bbox 1474 1875 1514 1913; x_wconf 93' lang='lat' dir='ltr'>in</span> <span class='ocrx_word' id='word_1_281' title='bbox 1540 1875 1653 1914; x_wconf 90' lang='lat' dir='ltr'>rebus</span> <span class='ocrx_word' id='word_1_282' title='bbox 1685 1875 1850 1928; x_wconf 83' lang='lat' dir='ltr'>physicis</span> <span class='ocrx_word' id='word_1_283' title='bbox 1877 1876 1903 1916; x_wconf 87' lang='lat' dir='ltr'>fi</span> <span class='ocrx_word' id='word_1_284' title='bbox 1935 1892 2003 1918; x_wconf 85' lang='lat' dir='ltr'>ex.</span> 
     </span>
     <span class='ocr_line' id='line_1_31' title="bbox 539 1928 2003 1989; baseline -0.003 -15"><span class='ocrx_word' id='word_1_285' title='bbox 539 1935 733 1989; x_wconf 84' lang='lat' dir='ltr'>perientia</span> <span class='ocrx_word' id='word_1_286' title='bbox 763 1960 773 1976; x_wconf 90' lang='lat'>‚</span> <span class='ocrx_word' id='word_1_287' title='bbox 801 1933 844 1971; x_wconf 87' lang='lat'>&amp;</span> <span class='ocrx_word' id='word_1_288' title='bbox 874 1928 1148 1971; x_wconf 82' lang='lat' dir='ltr'>observatione</span> <span class='ocrx_word' id='word_1_289' title='bbox 1178 1945 1259 1970; x_wconf 90' lang='lat' dir='ltr'>non</span> <span class='ocrx_word' id='word_1_290' title='bbox 1289 1930 1471 1971; x_wconf 86' lang='lat' dir='ltr'>fulciatur</span> <span class='ocrx_word' id='word_1_291' title='bbox 1507 1960 1515 1974; x_wconf 94' lang='lat'><strong>,</strong></span> <span class='ocrx_word' id='word_1_292' title='bbox 1546 1929 1780 1983; x_wconf 89' lang='lat' dir='ltr'>plerumque</span> <span class='ocrx_word' id='word_1_293' title='bbox 1810 1932 1974 1972; x_wconf 86' lang='lat' dir='ltr'>vacillat</span> <span class='ocrx_word' id='word_1_294' title='bbox 1993 1960 2003 1969; x_wconf 88' lang='lat'><strong>.</strong></span> 
     </span>
     <span class='ocr_line' id='line_1_32' title="bbox 540 1986 2002 2033; baseline -0.002 -2"><span class='ocrx_word' id='word_1_295' title='bbox 540 1986 680 2031; x_wconf 76' lang='lat' dir='ltr'>Fateor</span> <span class='ocrx_word' id='word_1_296' title='bbox 709 2001 841 2030; x_wconf 84' lang='lat' dir='ltr'>tamen</span> <span class='ocrx_word' id='word_1_297' title='bbox 869 1988 1048 2029; x_wconf 87' lang='lat' dir='ltr'>mirabile</span> <span class='ocrx_word' id='word_1_298' title='bbox 1074 1986 1197 2028; x_wconf 88' lang='lat' dir='ltr'>visum</span> <span class='ocrx_word' id='word_1_299' title='bbox 1212 1986 1283 2027; x_wconf 83' lang='lat' dir='ltr'>effe</span> <span class='ocrx_word' id='word_1_300' title='bbox 1312 1988 1354 2027; x_wconf 69' lang='grc' dir='ltr'>ὃς</span> <span class='ocrx_word' id='word_1_301' title='bbox 1384 1986 1467 2026; x_wconf 87' lang='lat' dir='ltr'>aliis</span> <span class='ocrx_word' id='word_1_302' title='bbox 1493 1987 1594 2025; x_wconf 90' lang='lat' dir='ltr'>Viris</span> <span class='ocrx_word' id='word_1_303' title='bbox 1625 1986 1755 2026; x_wconf 89' lang='lat' dir='ltr'>multis</span> <span class='ocrx_word' id='word_1_304' title='bbox 1774 2018 1785 2033; x_wconf 89' lang='lat'>‚</span> <span class='ocrx_word' id='word_1_305' title='bbox 1814 1990 1858 2028; x_wconf 86' lang='lat'>&amp;</span> <span class='ocrx_word' id='word_1_306' title='bbox 1887 1990 1928 2028; x_wconf 86' lang='lat' dir='ltr'>in</span> <span class='ocrx_word' id='word_1_307' title='bbox 1960 2002 2002 2028; x_wconf 92' lang='lat' dir='ltr'>re</span> 
     </span>
     <span class='ocr_line' id='line_1_33' title="bbox 544 2040 2003 2102; baseline -0.002 -13"><span class='ocrx_word' id='word_1_308' title='bbox 544 2062 643 2102; x_wconf 87' lang='lat' dir='ltr'>quae</span> <span class='ocrx_word' id='word_1_309' title='bbox 674 2048 723 2088; x_wconf 86' lang='lat' dir='ltr'>ad</span> <span class='ocrx_word' id='word_1_310' title='bbox 754 2057 909 2087; x_wconf 90' lang='lat' dir='ltr'>motum</span> <span class='ocrx_word' id='word_1_311' title='bbox 940 2058 1128 2098; x_wconf 89' lang='lat' dir='ltr'>aquarum</span> <span class='ocrx_word' id='word_1_312' title='bbox 1159 2046 1333 2099; x_wconf 86' lang='lat' dir='ltr'>pertinet</span> <span class='ocrx_word' id='word_1_313' title='bbox 1371 2044 1593 2084; x_wconf 83' lang='lat' dir='ltr'>exercitatis</span> <span class='ocrx_word' id='word_1_314' title='bbox 1620 2073 1630 2088; x_wconf 94' lang='lat'><strong>,</strong></span> <span class='ocrx_word' id='word_1_315' title='bbox 1671 2040 1833 2084; x_wconf 80' lang='lat' dir='ltr'>flumina</span> <span class='ocrx_word' id='word_1_316' title='bbox 1872 2043 2003 2086; x_wconf 87' lang='lat' dir='ltr'>nostra</span> 
     </span>
     <span class='ocr_line' id='line_1_34' title="bbox 547 2098 2003 2158; baseline -0.002 -13"><span class='ocrx_word' id='word_1_317' title='bbox 547 2118 631 2146; x_wconf 88' lang='lat' dir='ltr'>tam</span> <span class='ocrx_word' id='word_1_318' title='bbox 661 2102 859 2158; x_wconf 80' lang='lat' dir='ltr'>insigniter</span> <span class='ocrx_word' id='word_1_319' title='bbox 898 2100 1152 2143; x_wconf 78' lang='lat' dir='ltr'>sinistrorsum</span> <span class='ocrx_word' id='word_1_320' title='bbox 1183 2103 1224 2141; x_wconf 92' lang='lat' dir='ltr'>in</span> <span class='ocrx_word' id='word_1_321' title='bbox 1255 2103 1365 2142; x_wconf 85' lang='lat' dir='ltr'>Mare</span> <span class='ocrx_word' id='word_1_322' title='bbox 1396 2098 1556 2141; x_wconf 83' lang='lat' dir='ltr'>influere</span> <span class='ocrx_word' id='word_1_323' title='bbox 1574 2128 1583 2143; x_wconf 87' lang='lat'>‚</span> <span class='ocrx_word' id='word_1_324' title='bbox 1613 2100 1658 2138; x_wconf 86' lang='lat'>&amp;</span> <span class='ocrx_word' id='word_1_325' title='bbox 1692 2098 1782 2141; x_wconf 84' lang='lat' dir='ltr'>saxa</span> <span class='ocrx_word' id='word_1_326' title='bbox 1812 2101 2003 2155; x_wconf 85' lang='lat' dir='ltr'>glaream-</span> 
     </span>
     <span class='ocr_line' id='line_1_35' title="bbox 548 2157 2005 2216; baseline -0.006 -13"><span class='ocrx_word' id='word_1_327' title='bbox 548 2176 624 2216; x_wconf 87' lang='lat' dir='ltr'>que</span> <span class='ocrx_word' id='word_1_328' title='bbox 655 2165 855 2216; x_wconf 86' lang='lat' dir='ltr'>ingentem</span> <span class='ocrx_word' id='word_1_329' title='bbox 885 2158 933 2199; x_wconf 84' lang='lat' dir='ltr'>ad</span> <span class='ocrx_word' id='word_1_330' title='bbox 963 2169 1118 2200; x_wconf 90' lang='lat' dir='ltr'>tantum</span> <span class='ocrx_word' id='word_1_331' title='bbox 1148 2158 1400 2199; x_wconf 88' lang='lat' dir='ltr'>intervallum</span> <span class='ocrx_word' id='word_1_332' title='bbox 1415 2159 1455 2197; x_wconf 91' lang='lat' dir='ltr'>in</span> <span class='ocrx_word' id='word_1_333' title='bbox 1471 2157 1572 2196; x_wconf 89' lang='lat' dir='ltr'>hanc</span> <span class='ocrx_word' id='word_1_334' title='bbox 1599 2166 1752 2211; x_wconf 84' lang='lat' dir='ltr'>partem</span> <span class='ocrx_word' id='word_1_335' title='bbox 1767 2157 1907 2198; x_wconf 86' lang='lat' dir='ltr'>contra</span> <span class='ocrx_word' id='word_1_336' title='bbox 1921 2173 2005 2199; x_wconf 77' lang='lat' dir='ltr'>ma.</span> 
     </span>
     <span class='ocr_line' id='line_1_36' title="bbox 551 2212 2002 2271; baseline -0.003 -11"><span class='ocrx_word' id='word_1_337' title='bbox 551 2221 601 2260; x_wconf 88' lang='lat' dir='ltr'>ris</span> <span class='ocrx_word' id='word_1_338' title='bbox 633 2216 787 2259; x_wconf 87' lang='lat' dir='ltr'>cursum</span> <span class='ocrx_word' id='word_1_339' title='bbox 802 2216 1023 2271; x_wconf 88' lang='lat' dir='ltr'>deponere.</span> <span class='ocrx_word' id='word_1_340' title='bbox 1056 2217 1126 2257; x_wconf 90' lang='lat' dir='ltr'>Sed</span> <span class='ocrx_word' id='word_1_341' title='bbox 1158 2230 1262 2256; x_wconf 88' lang='lat' dir='ltr'>mare</span> <span class='ocrx_word' id='word_1_342' title='bbox 1296 2228 1422 2270; x_wconf 91' lang='lat' dir='ltr'>prope</span> <span class='ocrx_word' id='word_1_343' title='bbox 1459 2213 1600 2254; x_wconf 88' lang='lat' dir='ltr'>littora</span> <span class='ocrx_word' id='word_1_344' title='bbox 1628 2212 1757 2253; x_wconf 87' lang='lat' dir='ltr'>nostra</span> <span class='ocrx_word' id='word_1_345' title='bbox 1793 2217 2002 2256; x_wconf 89' lang='lat' dir='ltr'>tumenteis</span> 
     </span>
     <span class='ocr_line' id='line_1_37' title="bbox 549 2269 2006 2330; baseline -0.005 -15"><span class='ocrx_word' id='word_1_346' title='bbox 549 2289 668 2330; x_wconf 84' lang='lat' dir='ltr'>aquas</span> <span class='ocrx_word' id='word_1_347' title='bbox 700 2273 904 2316; x_wconf 82' lang='lat' dir='ltr'>fluminum</span> <span class='ocrx_word' id='word_1_348' title='bbox 932 2271 1123 2314; x_wconf 78' lang='lat' dir='ltr'>lenissimo</span> <span class='ocrx_word' id='word_1_349' title='bbox 1152 2271 1217 2313; x_wconf 92' lang='lat' dir='ltr'>suo</span> <span class='ocrx_word' id='word_1_350' title='bbox 1249 2284 1363 2313; x_wconf 89' lang='lat' dir='ltr'>motu</span> <span class='ocrx_word' id='word_1_351' title='bbox 1391 2285 1524 2326; x_wconf 89' lang='lat' dir='ltr'>regere</span> <span class='ocrx_word' id='word_1_352' title='bbox 1548 2285 1628 2310; x_wconf 92' lang='lat' dir='ltr'>non</span> <span class='ocrx_word' id='word_1_353' title='bbox 1652 2269 1808 2326; x_wconf 87' lang='lat' dir='ltr'>potest,</span> <span class='ocrx_word' id='word_1_354' title='bbox 1838 2270 2006 2327; x_wconf 82' lang='lat' dir='ltr'>praefer.</span> 
     </span>
     <span class='ocr_line' id='line_1_38' title="bbox 554 2325 2006 2386; baseline -0.003 -13"><span class='ocrx_word' id='word_1_355' title='bbox 554 2333 627 2373; x_wconf 89' lang='lat' dir='ltr'>tim</span> <span class='ocrx_word' id='word_1_356' title='bbox 654 2346 749 2373; x_wconf 86' lang='lat' dir='ltr'>vero</span> <span class='ocrx_word' id='word_1_357' title='bbox 778 2332 870 2386; x_wconf 88' lang='lat' dir='ltr'>quia</span> <span class='ocrx_word' id='word_1_358' title='bbox 899 2329 1061 2372; x_wconf 86' lang='lat' dir='ltr'>flumina</span> <span class='ocrx_word' id='word_1_359' title='bbox 1086 2329 1215 2371; x_wconf 86' lang='lat' dir='ltr'>nostra</span> <span class='ocrx_word' id='word_1_360' title='bbox 1239 2326 1480 2384; x_wconf 73' lang='lat' dir='ltr'>rapidissimo</span> <span class='ocrx_word' id='word_1_361' title='bbox 1510 2325 1622 2368; x_wconf 91' lang='lat' dir='ltr'>cursu</span> <span class='ocrx_word' id='word_1_362' title='bbox 1648 2342 1697 2368; x_wconf 89' lang='lat' dir='ltr'>ex</span> <span class='ocrx_word' id='word_1_363' title='bbox 1728 2329 1919 2382; x_wconf 84' lang='lat' dir='ltr'>proximis</span> <span class='ocrx_word' id='word_1_364' title='bbox 1949 2330 2006 2369; x_wconf 84' lang='lat' dir='ltr'>A-</span> 
     </span>
     <span class='ocr_line' id='line_1_39' title="bbox 555 2384 2006 2445; baseline -0.003 -15"><span class='ocrx_word' id='word_1_365' title='bbox 555 2390 731 2445; x_wconf 88' lang='lat' dir='ltr'>penninis</span> <span class='ocrx_word' id='word_1_366' title='bbox 757 2391 796 2430; x_wconf 84' lang='lat' dir='ltr'>in</span> <span class='ocrx_word' id='word_1_367' title='bbox 825 2401 931 2428; x_wconf 82' lang='lat' dir='ltr'>mare</span> <span class='ocrx_word' id='word_1_368' title='bbox 960 2386 1220 2430; x_wconf 87' lang='lat' dir='ltr'>descendunt·</span> <span class='ocrx_word' id='word_1_369' title='bbox 1247 2387 1381 2442; x_wconf 78' lang='lat' dir='ltr'>Qare</span> <span class='ocrx_word' id='word_1_370' title='bbox 1404 2384 1508 2441; x_wconf 86' lang='lat' dir='ltr'>apud</span> <span class='ocrx_word' id='word_1_371' title='bbox 1540 2398 1611 2425; x_wconf 88' lang='lat' dir='ltr'>nos</span> <span class='ocrx_word' id='word_1_372' title='bbox 1639 2395 1820 2440; x_wconf 86' lang='lat' dir='ltr'>tempore</span> <span class='ocrx_word' id='word_1_373' title='bbox 1846 2398 2006 2440; x_wconf 80' lang='lat' dir='ltr'>magna-</span> 
     </span>
    </p>

    <p class='ocr_par' dir='ltr' id='par_1_3' title="bbox 1927 2455 2014 2482">
     <span class='ocr_line' id='line_1_40' title="bbox 1927 2455 2014 2482; baseline -0.011 0"><span class='ocrx_word' id='word_1_374' title='bbox 1927 2455 2014 2482; x_wconf 83' lang='lat' dir='ltr'>rum</span> 
     </span>
    </p>
   </div>
   <div class='ocr_carea' id='block_1_3' title="bbox 595 2520 1485 2561">
    <p class='ocr_par' dir='ltr' id='par_1_4' title="bbox 595 2520 1485 2561">
     <span class='ocr_line' id='line_1_41' title="bbox 595 2520 1485 2561; baseline -0.003 -8"><span class='ocrx_word' id='word_1_375' title='bbox 595 2525 633 2556; x_wconf 55' lang='lat'>⁸2)</span> <span class='ocrx_word' id='word_1_376' title='bbox 653 2524 809 2554; x_wconf 75' lang='lat' dir='ltr'>Gulielmin-</span> <span class='ocrx_word' id='word_1_377' title='bbox 830 2526 861 2554; x_wconf 79' lang='lat' dir='ltr'>de</span> <span class='ocrx_word' id='word_1_378' title='bbox 879 2524 996 2555; x_wconf 57' lang='lat' dir='ltr'>Flamin.</span> <span class='ocrx_word' id='word_1_379' title='bbox 1019 2524 1118 2553; x_wconf 60' lang='grc' dir='ltr'><em>Ναυσ-</em></span> <span class='ocrx_word' id='word_1_380' title='bbox 1139 2527 1206 2561; x_wconf 77' lang='lat' dir='ltr'>Cap.</span> <span class='ocrx_word' id='word_1_381' title='bbox 1220 2525 1295 2555; x_wconf 86' lang='lat' dir='ltr'>vm.</span> <span class='ocrx_word' id='word_1_382' title='bbox 1307 2520 1411 2551; x_wconf 86' lang='lat' dir='ltr'>Coroll.</span> <span class='ocrx_word' id='word_1_383' title='bbox 1424 2522 1485 2551; x_wconf 82' lang='lat' dir='ltr'>vll.</span> 
     </span>
    </p>
   </div>
  </div>
 </body>
</html>
