2125 2915
487 196 860 240 APPENDIX
905 194 1261 236 SECVNDA.
1500 208 1572 235 101

172 325 356 361 «waes-„m
363 316 1566 356 QQQQQQQKQQQQQW

448 412 908 476 CAPVT
999 412 1254 472 VIII.

350 544 547 582 Cocum
580 542 832 582 PvNcTATA,
865 552 910 580 rr
942 551 1031 590 13va
1063 541 1352 579 OPERCVLVM.

132 630 218 719 C
235 629 409 670 Ochleae
438 631 651 686 pundtatae
667 657 677 673 ,
707 628 769 669 seu
784 628 988 670 Neritulae
1018 632 1233 684 punstatae
1252 658 1262 673 ,
1293 632 1337 671 &
1362 631 1565 672 umbilica-

249 699 311 728 tae
327 717 337 733 ‚
367 702 466 741 quae
485 683 787 740 frequentissima
817 684 871 725 est
900 687 940 725 in
968 685 1099 726 nostro
1117 687 1243 731 mari,
1274 687 1317 726 δε
1341 686 1538 728 esculenta
1557 720 1565 731 ,

131 744 279 783 coloris
306 744 360 784 ad«
380 742 613 784 flavedinem
638 743 860 783 accedentis
879 773 888 787 ‚
911 744 954 781 &
971 744 1124 796 pundfis
1151 745 1270 796 nigris
1289 755 1426 784 notata
1444 772 1453 786 ‚
1471 743 1571 798 figu-

130 811 214 839 ram
246 799 333 839 heic
365 802 500 839 damus
519 827 528 841 ,
556 801 598 838 &
616 813 734 852 quam
766 800 934 853 exprimi
959 801 1178 839 curavimus
1201 800 1382 840 Tab.X1.
1408 799 1474 841 sub
1502 802 1566 841 lit-

128 865 213 894 tera
240 857 286 893 C.
319 858 431 896 Hanc
459 853 624 909 figuram
643 854 729 895 heic
746 855 881 894 damus
899 869 976 895 non
1002 867 1168 910 propter
1198 854 1316 911 ipsam
1332 857 1562 904 Cochlearn,

125 908 189 949 sed
208 923 374 967 propter
390 914 469 963 ejus
502 910 667 965 genesim
685 941 695 956 ‚
726 912 774 955 de
790 925 867 964 qua
885 909 1055 966 sequenti
1086 914 1216 967 capite
1233 927 1389 967 agemus
1409 946 1415 952 .
1447 915 1567 954 Clau-

125 966 232 1007 ditur
254 968 350 1008 haec
367 968 540 1008 Cochlea
570 967 774 1022 Operculo
791 967 975 1021 Elliptico
1000 984 1016 1008 e
1032 996 1042 1011 ‚
1077 970 1184 1023 quod
1209 967 1473 1011 solidiffimum
1498 970 1564 1013 est,

129 1023 174 1063 ὃ(
200 1023 378 1064 striatum
411 1055 420 1069 ,
446 1023 508 1064 seu
540 1023 650 1063 lineis
689 1022 892 1076 spiralibus
923 1025 1114 1065 donatum
1132 1055 1142 1070 ,
1172 1035 1217 1065 ut
1247 1025 1300 1066 est
1315 1028 1562 1082 Operculum

128 1080 329 1121 Cochleae
353 1082 525 1121 caelatae
557 1079 757 1134 perlat-:eae
772 1108 783 1122 ‚
816 1081 924 1134 quod
949 1096 971 1121 a
994 1080 1225 1137 quibusdam
1255 1082 1353 1137 lapis
1371 1084 1561 1124 Cheloni-

122 1146 180 1176 tes
208 1139 410 1178 vocitatur
428 1166 435 1173 .
468 1135 667 1177 Esculenta
689 1135 741 1176 est
757 1166 766 1181 ‚
782 1147 824 1177 ut
840 1138 1023 1182 diximus,
1042 1139 1137 1180 haec
1153 1138 1329 1179 Cochlea
1340 1167 1350 1182 ‚
1366 1140 1408 1178 δε
1423 1138 1557 1179 nostris

120 1191 385 1233 Piscatoribus
415 1194 536 1245 Bafino
567 1195 713 1234 dicitur
732 1219 740 1229 ·

119 1312 1514 1353 QQQQQQQQQQQQQQQ

452 1427 511 1486 C
546 1426 613 1487 A
649 1427 692 1485 P
728 1430 796 1493 V
831 1427 891 1486 T
947 1430 1247 1496 VIIII.

177 1548 239 1587 DE
271 1550 500 1596 Finem,
530 1563 632 1596 QVAE
662 1552 889 1593 ΜΕΛῙΚΗΡΑ
908 1580 919 1595 ,
943 1555 986 1592 &
1012 1555 1181 1594 KHPION
1208 1555 1489 1596 ARISTOTELI-

116 1635 211 1727 A
227 1639 434 1682 Ristoteles
458 1642 579 1682 Libro
597 1642 646 1681 V.
677 1641 725 1680 de
741 1640 982 1680 Animalium
999 1639 1169 1680 Historia
1183 1644 1315 1696 capite
1331 1658 1394 1683 xv.
1423 1645 1551 1687 asserit

242 1698 437 1751 Purpuras
468 1712 589 1738 verno
622 1708 800 1752 tempore
846 1699 882 1737 in
908 1697 1046 1736 eodem
1077 1696 1169 1736 loco
1200 1696 1235 1736 se
1259 1698 1294 1737 se
1320 1700 1549 1754 colligentes

115 1753 236 1795 Favos
263 1753 451 1807 quosdam
481 1755 616 1797 edere,
647 1756 714 1805 qui
740 1755 1003 1806 putaminibus
1022 1754 1171 1793 Ciceris
1189 1754 1267 1794 albi
1300 1754 1436 1796 similes
1461 1755 1551 1802 sint,

113 1813 157 1852 &
174 1825 251 1850 non
268 1809 391 1848 solum
409 1811 603 1861 Purpuras
619 1835 628 1849 ‚
659 1808 721 1847 sed
744 1809 786 1847 &
806 1810 991 1847 Buccinas
1010 1838 1019 1852 ,
1044 1811 1086 1847 &
1106 1809 1278 1851 Mvtulos
1310 1813 1450 1852 eodem
1481 1829 1548 1854 ca-

111 1869 197 1921 pite
213 1867 268 1905 ait
283 1864 404 1903 Favos
422 1862 508 1903 istos
525 1864 638 1904 edere
653 1894 662 1908 ,
678 1877 775 1918 quos
794 1866 920 1919 patria
938 1864 1067 1916 lingua
1087 1867 1310 1920 Μελίκηρας
1330 1898 1334 1907 ,
1360 1871 1400 1908 &
1419 1869 1546 1916 Κυρίᾳ

110 1932 232 1964 vocat
247 1951 255 1959 .
288 1920 360 1960 Sed
374 1921 606 1961 Theodorus
623 1922 731 1960 Gaza
754 1923 899 1975 primus
924 1920 1063 1959 horum
1100 1925 1305 1965 libiorum
1325 1926 1546 1970 Aristotelis

113 1981 308 2031 interpres
336 1977 561 2033 Favaginem
588 1978 860 2032 nuncupavit,
889 1979 929 2017 ἃ
948 1976 1146 2030 Κηοάζων
1172 1982 1379 2036 favificare
1396 1986 1543 2039 primus

112 2035 236 2075 dixit.
268 2034 404 2087 Qum
427 2036 466 2074 in
492 2034 780 2074 mediterraneo
811 2036 907 2074 mari
937 2046 984 2075 ad
1014 2047 1123 2077 littus
1149 2041 1294 2091 rejedta
1320 2037 1542 2093 frequenter

112 2090 227 2131 maffa
259 2092 448 2144 quaedam
481 2090 650 2145 spongiis
668 2119 677 2133 ‚
708 2092 752 2130 ὃς
769 2094 1032 2146 putaminibus
1051 2096 1198 2134 Ciceris
1224 2095 1303 2136 albi
1325 2094 1456 2137 similis
1482 2113 1543 2139 re-

110 2149 281 2203 periatur
298 2178 308 2192 ,
339 2148 439 2189 hanc
458 2149 604 2203 primus
627 2148 845 2202 Imperatus
876 2148 1107 2202 Favaginem
1125 2150 1341 2193 Aristotelis
1365 2168 1443 2193 non
1470 2156 1540 2195 irn-

109 2206 254 2245 merito
279 2205 517 2259 appellavit,
551 2202 704 2257 ejusque
736 2206 829 2244 duas
846 2202 985 2257 figuras
1003 2207 1112 2247 dedit
1131 2236 1140 2249 ,
1171 2206 1231 2248 sed
1255 2223 1354 2263 quae
1370 2208 1539 2253 secundo

109 2259 203 2300 loco
229 2259 352 2314 posita
368 2261 420 2302 est
435 2293 447 2307 ,
471 2259 773 2316 frequentiffima
800 2264 990 2316 reperitur
1014 2266 1052 2303 in
1072 2263 1202 2304 nostro
1219 2266 1374 2307 Littore
1391 2267 1439 2307 ad
1456 2283 1534 2308 ma-

108 2330 201 2370 gnas
233 2317 354 2357 moles
385 2320 499 2359 etiam
530 2321 700 2372 rejetf’ta.
731 2317 902 2358 Michael
934 2335 1090 2375 quoque
1111 2322 1306 2362 Mercatus
1339 2325 1379 2362 in
1396 2326 1535 2364 Arma-

105 2375 169 2414 rio
188 2372 294 2413 sexto
323 2388 408 2428 cap.
428 2376 497 2415 111.
533 2374 700 2430 figuram
717 2375 826 2415 dedit
857 2374 1012 2428 hujusce
1040 2379 1121 2423 rei,
1149 2378 1191 2417 δε
1209 2378 1448 2434 Alcyoniurn
1479 2379 1532 2420 se-

103 2430 278 2471 cundum
296 2429 536 2473 Dioscoridis
564 2432 781 2489 appellavit
799 2459 805 2469 -
838 2431 958 2474 Maffa
979 2433 1074 2475 haec
1105 2449 1126 2476 a
1142 2434 1375 2491 Caesalpino
1388 2437 1532 2500 Spuma

1414 2506 1528 2534 maris
