2125 2915
582 227 654 256 102
897 215 1272 255 APPENDIX
1319 217 1688 260 SECVNDA.

574 302 688 341 maris
721 300 826 341 did'ca
854 298 930 341 fuit
947 329 956 344 ‚
985 302 1027 341 ὅ(
1043 302 1185 354 Joanni
1215 302 1395 344 Bauhino
1417 302 1640 350 Veficaria;
1669 303 1723 345 est
1749 305 1855 345 enim
1874 305 2024 347 massa„⁴

574 357 766 411 quaedam
792 371 839 397 ex
870 358 1036 399 totidem
1068 356 1212 399 Vesicis
1247 359 1419 403 conflata
1445 393 1455 407 ,
1498 376 1663 416 quarum
1696 360 1865 416 singulae
1893 363 2026 418 perfo-

573 426 681 454 ratae
710 413 796 454 sunt
813 416 851 454 in
869 415 1000 455 medio
1032 418 1156 470 partis
1183 416 1402 458 inferioris.
1437 417 1692 475 Disputatum
1711 419 1784 460 fuit
1810 418 1924 474 usque
1954 419 2024 461 ad-

573 470 650 511 huc
669 486 690 511 a
707 472 891 511 naturalis
908 470 1088 513 historiae
1105 474 1369 529 Scriptoribus
1387 475 1483 531 quid
1513 476 1602 518 effet
1630 476 1745 517 maffa
1762 476 1857 517 haec
1874 473 2025 517 Vesica-

575 530 632 568 ria
650 528 841 568 Favorum
869 527 985 569 instar
1002 560 1011 574 ,
1041 543 1161 584 quam
1189 532 1415 588 Favaginem
1445 535 1566 588 primi
1579 536 1685 575 Gaza
1703 562 1713 576 ‚
1744 534 2021 588 &imperatus

573 586 798 624 vocitarunt
815 612 824 627 ‚
851 586 895 625 ἃ.
910 586 1097 639 Spumam
1132 591 1249 628 maris
1266 617 1276 631 ,
1308 591 1351 630 &
1368 589 1616 645 Alcyonium
1631 589 1841 632 secundum
1857 589 2025 631 Diosco-

571 641 663 680 ridis
690 640 756 680 alii
780 642 1059 696 appellarunt.
1093 646 1166 685 Sed
1184 660 1289 687 anno
1321 647 1527 689 millesimo
1558 646 1897 704 septingentesimo
1927 662 2024 703 qua-

573 696 792 752 dragesimo
822 704 968 742 odlavo
999 703 1112 742 nonis
1143 702 1309 758 Augusti
1338 707 1467 746 variae
1506 708 1677 746 marinae
1708 703 1940 762 quisquiliae
1971 704 2019 744 ad

574 769 635 795 me
662 755 816 796 delatae
846 755 1004 798 fuerunt
1020 788 1031 802 ‚
1057 761 1160 800 inter
1187 774 1282 815 quas
1314 759 1520 804 frustulum
1545 762 1682 803 massae
1699 763 1800 803 istius
1818 759 2025 802 veficariae

573 814 730 866 reperi,
766 812 829 853 sed
853 816 933 866 ejus
952 814 1121 856 folliculi
1150 832 1230 858 non
1258 830 1369 858 erant
1385 822 1499 859 vacui
1519 847 1528 861 ,
1556 818 1619 859 sed
1651 819 1759 873 pleni
1790 818 2024 873 plerumque

573 869 740 910 humore
775 872 950 926 quodam
977 872 1196 928 gelatinoso
1213 875 1282 920 ,δε
1311 877 1444 916 accito
1461 877 1639 916 Battarra
1671 875 1826 919 nostro,
1855 876 2022 917 vidimus

574 929 615 966 in
632 928 674 967 iis
693 926 881 969 folliculis
908 942 1069 984 praeter
1091 930 1302 973 humorem
1320 933 1431 974 illum
1456 931 1712 988 gelatinosum
1729 933 1923 973 contineri
1939 946 2026 987 par-

573 1000 638 1026 vas
654 984 847 1027 cochleas
875 990 1084 1042 pund'catas
1114 992 1247 1043 capite
1279 983 1467 1046 superiori
1497 989 1707 1044 descriptas
1738 1021 1749 1036 ,
1780 1003 1879 1043 quae
1911 989 2024 1028 nudis

572 1046 691 1083 etiam
721 1043 848 1084 oculis
879 1047 1139 1088 cernebantur
1173 1078 1182 1092 ,
1213 1049 1252 1087 in
1282 1049 1421 1102 quibus
1450 1049 1494 1088 ὃ(
1517 1046 1777 1104 operculum,
1805 1048 1847 1085 ὃς
1877 1047 2026 1101 puncta

574 1102 639 1142 illa
669 1102 908 1155 nigricantia
939 1105 1213 1159 apparebant.
1245 1106 1367 1159 Super
1396 1107 1601 1148 Laminam
1628 1106 1795 1144 vitream
1828 1100 2025 1157 posuimus

573 1159 698 1198 varias
724 1158 949 1210 hujusmodi
974 1159 1158 1203 vesiculas
1175 1193 1186 1207 ,
1217 1160 1279 1203 seu
1297 1163 1495 1203 folliculos
1512 1190 1523 1206 ,
1553 1163 1830 1202 &invenimus
1859 1157 2025 1215 singulas

574 1228 653 1255 non
680 1213 886 1269 plusquam
902 1218 1026 1256 XXII.
1059 1219 1256 1259 Cochleas
1288 1222 1496 1262 continere
1514 1250 1524 1266 ,
1554 1219 1597 1259 &
1614 1233 1694 1258 non
1725 1220 1849 1258 minus
1866 1248 1877 1262 ,
1907 1231 2026 1271 quam

574 1268 862 1324 dccemseptem
883 1303 890 1309 .
922 1273 1058 1325 Qare
1082 1287 1249 1329 apparet
1276 1278 1510 1330 Favaginem
1540 1275 1649 1315 istam
1666 1275 1802 1313 nidum
1828 1272 1933 1313 suiffe
1950 1274 2028 1313 Co-

573 1329 708 1370 chleae
740 1330 949 1383 punc-tatae
967 1361 975 1368 .
1008 1330 1228 1385 Qomodo
1245 1344 1376 1374 autem
1393 1332 1570 1373 Cochlea
1600 1331 1669 1372 ista
1686 1332 1878 1386 punctata
1894 1359 1905 1374 ‚
1926 1344 2027 1384 quae

574 1402 655 1427 non
695 1388 751 1426 ita
768 1399 910 1441 magna
931 1386 1009 1430 est,
1044 1398 1087 1428 ut
1111 1390 1177 1429 vix
1208 1390 1364 1430 Nucem
1394 1387 1687 1445 Myrrhisticam
1720 1390 1912 1441 majorem
1944 1402 2028 1428 ma-

576 1444 784 1497 gnitudine
807 1443 973 1485 excedat
1002 1471 1012 1488 ‚
1032 1445 1145 1485 edere
1184 1444 1301 1502 possit
1330 1444 1462 1487 favum
1489 1476 1498 1490 ‚
1529 1447 1597 1501 qui
1630 1460 1768 1486 nucem
1801 1445 2029 1499 juglandem

575 1500 793 1541 excedebat
811 1530 820 1544 ,
856 1512 899 1539 ut
930 1515 1089 1541 cernere
1125 1502 1219 1542 licet
1243 1502 1396 1542 Tabula
1422 1504 1489 1542 XI.
1507 1500 1632 1557 figura
1659 1505 1706 1543 A.
1726 1530 1736 1545 ‚
1763 1517 1843 1542 non
1874 1501 2026 1555 liquido

575 1556 728 1598 constat
751 1585 757 1591 .
791 1557 956 1595 Fortaffe
973 1585 982 1599 ,
1014 1568 1057 1596 ut
1083 1559 1138 1595 ait
1155 1556 1384 1596 Aristoteles
1409 1559 1457 1596 de
1489 1559 1673 1610 Purpuris
1693 1587 1702 1600 ‚
1727 1560 1795 1609 qui
1820 1557 1961 1596 multas
1986 1558 2027 1596 in

575 1627 698 1655 unum
725 1614 833 1653 coire
866 1610 994 1652 afferit
1011 1642 1021 1656 ,
1050 1623 1095 1652 ut
1110 1611 1219 1652 favos
1237 1611 1356 1652 edant
1372 1640 1382 1655 ‚
1405 1610 1455 1653 fic
1472 1613 1513 1651 ὅ(
1528 1611 1727 1653 Cochleae
1753 1612 1965 1666 punctatae
1987 1614 2029 1651 in

575 1686 698 1713 unum
729 1680 904 1711 coeunt,
930 1679 975 1709 ut
1004 1668 1114 1710 favos
1144 1668 1228 1710 suos
1260 1669 1384 1710 edant
1418 1698 1427 1713 ‚
1452 1670 1521 1724 qui
1552 1670 1654 1710 uniti
1683 1669 1726 1709 δε
1757 1668 2028 1724 conglutinati

576 1727 708 1770 maffas
741 1726 824 1767 illas
856 1723 1056 1767 veficarias
1081 1725 1327 1767 constituunt
1357 1758 1367 1773 ‚
1400 1742 1499 1782 quae
1532 1741 1613 1767 non
1640 1736 1796 1767 tantum
1826 1739 1943 1767 nuces
1968 1729 2028 1779 ju-

575 1785 734 1843 glandes
765 1786 932 1836 majores
950 1814 959 1828 ,
989 1783 1110 1824 sed&
1127 1795 1252 1838 caput
1283 1783 1500 1824 humanum
1518 1813 1527 1828 ‚
1560 1783 1743 1825 &moles
1775 1783 1869 1824 alias
1894 1784 2027 1837 ingen-

576 1856 632 1885 tes
663 1840 833 1882 referant
852 1867 859 1874 -
893 1839 1060 1879 Fortaffe
1075 1841 1167 1879 Favi
1191 1840 1458 1894 Purpurarum
1477 1869 1486 1883 ,
1513 1843 1771 1881 Buccinarum
1790 1870 1800 1883 ‚
1831 1841 1875 1880 &
1892 1841 2028 1895 Mytu-

576 1901 706 1941 lorum
738 1894 910 1948 ejusdem
939 1894 1027 1935 sunt
1042 1897 1193 1950 generis
1224 1909 1269 1934 ac
1297 1895 1387 1937 Favi
1403 1895 1603 1935 Cochleae
1633 1897 1876 1948 punctatae;
1907 1910 2027 1949 quare

577 1955 634 1997 nil
654 1955 799 1995 mirum
815 1982 824 1997 ,
846 1949 871 1992 fi
903 1950 1128 2004 hujusmodi
1153 1952 1361 2006 Favagines
1391 1950 1574 2007 copiosae
1604 1948 1676 1991 sint
1694 1952 1733 1990 in
1750 1953 1849 1991 mari
1877 1950 2024 1996 nostro,

578 2027 700 2069 quum
726 2026 748 2051 a
780 2021 844 2051 tot
861 2009 1035 2050 Conchis
1051 2008 1312 2065 Cochleisque
1341 2010 1507 2051 edantur
1527 2038 1534 2046 .
1565 2010 1716 2049 Verum
1732 2039 1742 2053 ,
1773 2009 1964 2064 quicquid
1980 2006 2025 2048 {it

579 2074 627 2112 de
642 2071 714 2110 hac
730 2082 772 2108 re
791 2098 800 2113 ‚
824 2078 978 2108 certum
995 2065 1047 2108 est
1063 2066 1297 2122 Favaginem
1314 2067 1421 2108 illam
1438 2067 1505 2107 sub
1521 2065 1655 2107 littera
1672 2068 1721 2114 A·
1739 2067 1839 2108 Tab.
1856 2066 1925 2106 XI·
1954 2066 2026 2105 Ni—

579 2131 675 2170 dum
695 2124 800 2168 fuisse
826 2123 887 2165 seu
905 2124 1049 2165 Pavum
1066 2124 1266 2167 Cochleae
1298 2127 1508 2181 ptind‘catae
1521 2155 1530 2170 ‚
1553 2124 1596 2163 &
1612 2123 1705 2164 Favi
1724 2151 1734 2166 ‚
1766 2122 1829 2164 seu
1847 2122 2023 2164 Folliculi

579 2203 612 2227 α..
631 2202 662 2227 ιι.
678 2200 712 2225 a.
744 2194 857 2225 erant
888 2181 1106 2237 perforati,
1137 2198 1185 2224 ex
1216 2184 1355 2238 quibus
1388 2182 1618 2240 prodierunt
1645 2179 1844 2221 Cochleae
1863 2208 1874 2223 ‚
1901 2180 2025 2221 ceteri

581 2258 676 2285 vero
708 2253 820 2283 erant
851 2238 965 2280 clausi
983 2270 993 2285 ,
1026 2241 1068 2280 &
1084 2242 1122 2280 in
1142 2239 1175 2281 se
1191 2241 1384 2283 Cochleas
1414 2239 1551 2294 singuli
1570 2239 1618 2279 ad
1637 2239 1777 2292 viginti
1796 2238 1838 2278 ὃς
1856 2236 2023 2292 amplius

581 2300 840 2343 continebant
859 2326 864 2332 -
900 2299 945 2337 In
964 2297 1096 2339 nostro
1114 2299 1267 2340 Littore
1293 2300 1402 2339 unius
1423 2308 1577 2339 tantum
1594 2298 1745 2351 generis
1772 2294 1826 2337 est
1842 2296 1997 2348 Favago
2011 2319 2023 2336 2

582 2372 682 2414 quae
710 2354 867 2412 copiosa
900 2354 987 2395 satis
1002 2354 1078 2395 est.
1112 2356 1331 2412 imperatus
1365 2371 1460 2397 vero
1477 2355 1555 2396 duo
1587 2368 1728 2408 genera
1749 2354 1864 2407 ponit
1883 2380 1892 2395 ‚
1924 2365 2023 2406 quae

583 2418 632 2456 ad
652 2415 884 2467 Favaginem
906 2411 1122 2453 Aristotelis
1141 2442 1149 2457 ‚
1181 2415 1224 2454 ὅ(
1242 2414 1288 2454 ad
1308 2414 1551 2468 Alcyonium
1584 2411 1793 2452 secundum
1825 2407 2027 2450 Dioscori-

583 2475 640 2514 dis
672 2471 790 2512 refert
809 2499 815 2506 -
848 2470 994 2512 Nostra
1009 2470 1088 2518 est,
1117 2486 1238 2526 quam
1254 2472 1319 2513 {ub
1335 2486 1477 2528 genere
1494 2467 1662 2510 secundo
1678 2470 1816 2523 ponit·
1849 2468 2033 2560 Primftglrl⁶
