2125 2915
471 196 838 237 APPENDIX
877 194 1226 236 SECVNDA.
1467 209 1538 247 ης

133 298 224 324 cum
240 283 500 327 laceratione,
529 296 606 336 qua
641 279 848 321 ostendunt
863 279 912 319 ab
943 280 989 319 iis
1005 277 1137 318 avulsa
1170 275 1299 322 ffiiffe3
1327 277 1542 331 pulcherri-

134 343 189 379 mi
219 338 308 380 flavi
325 340 465 378 coloris
493 336 580 378 sunt
611 339 649 377 in
673 332 870 389 superficie
889 365 899 380 ‚
928 337 986 374 uti
1013 334 1161 375 malum
1186 334 1423 374 Aurantium
1438 333 1543 375 Lufi.

135 396 308 435 tanicum
325 393 494 434 referant
510 421 520 436 ,
551 395 617 447 qui
640 393 750 432 color
765 391 986 431 extenditur
1018 392 1135 431 etiam
1164 388 1367 430 intrinsece
1386 392 1424 429 in
1453 405 1541 431 cor-

134 452 211 489 tice
228 464 296 503 per
313 450 405 489 duas
422 450 538 489 1ineas
556 446 779 502 parisienses-
797 446 1085 487 Pulcherrimus
1100 444 1165 485 iste
1179 445 1291 487 color
1307 461 1330 486 a
1345 447 1541 487 Vitaliano

132 506 315 546 reticetur
332 532 342 546 ‚
373 504 525 551 fortasse
539 505 647 559 quod
663 501 880 544 hu‘usmodi
904 516 1073 555 corpora
1090 504 1258 549 recentia
1284 516 1361 542 non
1379 503 1541 544 viderit„

135 562 251 600 Varia
269 560 429 600 istorum
452 562 621 616 corpora
645 519 799 599 dissgcui
815 588 825 602 ‚
849 559 892 596 ἃ
907 556 1021 598 fibras
1035 557 1150 598 offeas
1182 558 1364 598 radiatim
1394 557 1544 613 disposi-

135 626 192 656 tas
210 615 416 671 conspexi,
448 616 509 656 sed
526 619 632 656 circa
659 616 854 655 corticem
871 614 1144 654 admirabilem
1171 616 1213 653 δε
1238 613 1418 654 floridam
1436 615 1542 655 illam

135 670 361 714 strueturam
379 687 400 712 a
417 674 581 712 Donato
611 673 759 727 pietam
787 683 867 709 non
883 670 989 714 vidi,
1022 670 1127 723 quod
1157 672 1200 710 &
1224 670 1317 709 mihi
1342 671 1487 710 accidit
1503 673 1543 716 in

134 726 323 782 plerisque
341 726 472 783 figuris
502 729 609 768 Libri
640 726 740 766 illius
758 756 768 771 ‚
792 740 892 779 quae
909 737 990 765 arte
1012 726 1184 766 Pictoria
1214 728 1348 779 potius
1378 727 1543 767 adorna-

131 794 194 822 tae
210 811 219 825 ‚
251 794 318 823 aut
334 786 482 824 circino
512 784 753 837 geometrico
770 809 780 824 ‚
813 783 855 820 &
872 781 1004 833 regula
1029 779 1221 822 conficstae
1239 810 1249 824 ‚
1280 797 1397 836 quam
1414 781 1543 823 secun-

133 838 226 877 dum
252 841 459 879 veritatem
491 837 856 892 fimplicitatemque
885 840 1067 877 Naturae
1094 868 1101 875 .
1144 837 1343 892 Tethyum
1375 838 1450 878 hoc
1481 838 1544 880 seu

132 892 414 934 Holothurium
446 892 707 949 descripsimus
727 908 814 947 pag.
841 907 901 941 44.
928 892 993 933 sub
1009 895 1165 933 nomine
1181 895 1341 949 Alcyoniz’
1361 896 1465 947 flavi
1479 896 1541 936 du-

130 952 262 990 rioris.
294 948 423 989 Helias
454 950 681 993 Bertrandus
719 951 900 1002 opinatur
928 949 1169 989 Holothuria
1211 950 1430 997 Belemnitis
1455 978 1466 993 ‚
1498 952 1542 991 ὃς

130 1003 357 1059 Phosphoro
389 1003 617 1046 Bononiensi
646 1007 685 1044 in
716 1006 917 1047 Montibus
941 1007 1133 1059 originem
1164 1005 1328 1056 dedisse.
1361 1008 1544 1061 Vtraque

130 1061 234 1098 enim
263 1075 312 1100 ex
339 1062 495 1100 radiatis
526 1057 631 1099 fibris
659 1059 859 1101 constant,

130 1140 1220 1174 wfflmmmmfflfflmfflww
1224 1150 1456 1177 Quium
1461 1149 1538 1180 ΝΞΛ

417 1203 810 1264 CAPVT
931 1207 1252 1272 XXIX.

313 1289 568 1328 ALCYONIVM
600 1304 832 1331 DIGITATVM
869 1307 1151 1335 GELATINOSVM
1184 1307 1348 1334 ALBVM.

250 1362 311 1400 Oe
329 1362 515 1416 Alcyonii
545 1380 664 1418 genus
682 1397 691 1411 ‚
717 1371 828 1422 quod
842 1372 1008 1425 exprimi
1034 1372 1167 1411 curavi
1183 1371 1279 1412 Tab.
1297 1370 1342 1409 X.
1375 1368 1440 1409 sub
1457 1371 1538 1410 Lit-

266 1426 345 1456 tera
360 1421 411 1465 A,
427 1421 608 1461 haerebat
632 1425 870 1478 marginibus
891 1426 1077 1467 Conchae
1094 1427 1305 1469 Bucardiae
1320 1456 1332 1471 ‚
1360 1424 1422 1466 sed
1441 1426 1536 1469 dum

126 1473 222 1518 haec
236 1472 362 1515 scribo
373 1475 535 1515 allatum
546 1476 596 1515 est
606 1478 710 1522 aliud
722 1481 947 1532 exemplum
960 1514 969 1528 ‚
986 1485 1092 1536 quod
1109 1485 1243 1524 haeret
1256 1481 1391 1524 Museo
1404 1483 1540 1525 Petro-

125 1527 164 1566 [ο
179 1531 365 1580 Imperati
384 1543 392 1568 ;
415 1532 599 1566 convenit
616 1531 726 1568 valde
741 1545 830 1574 cum
847 1539 1102 1576 antecedente
1120 1568 1128 1579 ‚
1159 1539 1220 1576 sed
1250 1538 1455 1576 albicantis
1473 1551 1538 1576 co—

131 1582 222 1619 loris
241 1582 292 1619 est
309 1611 317 1624 ,
348 1584 390 1619 ὃς
408 1583 528 1634 magis
550 1592 722 1628 tenerum
742 1612 751 1626 ‚
784 1597 828 1627 ut
841 1587 1013 1640 gelatina
1024 1590 1212 1642 quaedam
1231 1590 1326 1631 dura
1344 1591 1533 1635 videatur,

126 1637 167 1674 &
185 1636 382 1676 dissectum
398 1633 510 1676 fibras
528 1636 608 1676 illas
628 1641 896 1683 vermiculares
914 1643 1081 1684 ostendit
1098 1657 1140 1684 ut
1158 1645 1390 1700 praecedens
1409 1673 1416 1680 ·

128 1718 1530 1755 &AQQQQQQQQQQQQQQQQ

449 1781 845 1841 CAPVT
964 1786 1216 1845 XXX.

327 1867 507 1904 SPONGIA
537 1880 699 1908 RAMosA
729 1881 907 1911 RAMVLIS
940 1886 1098 1914 NITIDIS
1134 1889 1327 1918 CONICIS.

127 1950 184 2035 S
203 1949 351 2001 Pongia
366 1950 459 1989 haec
485 1950 632 1991 ramosa
648 1980 658 1995 ,
689 1965 785 2004 quae
799 1952 951 1992 Tabula
977 1953 1062 1991 XII·
1091 1952 1157 1993 sub
1172 1954 1285 1995 litera
1301 1957 1349 1996 A.
1380 1957 1455 1998 fuit
1470 1975 1532 2001 ex-

204 2003 321 2056 preffa
339 2032 348 2046 ,
364 2005 550 2060 Alcyonii
565 2007 713 2046 duriori
730 2009 768 2046 B.
790 2006 949 2047 frustulo
967 2020 1050 2048 erat
1062 2010 1201 2049 adnata
1218 2027 1227 2054 ;
1248 2010 1307 2051 sed
1317 2012 1414 2054 aliae
1431 2016 1529 2057 duae

124 2060 229 2113 apud
245 2075 305 2100 me
321 2061 492 2114 prostant
508 2095 517 2107 ,
547 2078 710 2117 quarum
733 2078 808 2103 una
833 2067 956 2116 major
981 2065 1197 2120 Petrobryo
1213 2068 1355 2108 adnata
1371 2069 1424 2110 est
1444 2099 1454 2114 ‚
1486 2075 1529 2113 ὃς

122 2116 198 2155 alia
215 2131 332 2170 parva
351 2146 360 2159 ,
388 2133 486 2172 quae
502 2119 665 2158 Turbini
682 2131 799 2163 acuto
818 2119 1054 2163 adhaerescit
1070 2149 1079 2163 ,
1112 2124 1398 2179 quiCampanile
1418 2141 1438 2166 a
1455 2143 1530 2168 no-

123 2170 204 2211 stris
234 2175 453 2213 vocitatur.
473 2175 623 2215 Calami
654 2175 851 2231 scriptorii
871 2175 1034 2218 crassitie
1063 2177 1114 2217 est
1145 2180 1182 2217 in
1213 2191 1375 2221 trunco.
1410 2184 1526 2224 Extra

124 2241 263 2280 aquam
297 2231 394 2282 riget:
412 2259 421 2273 ,
446 2234 487 2271 δε
504 2230 651 2286 hispida
674 2230 720 2272 fit
736 2261 746 2275 ,
777 2231 837 2271 sed
870 2235 907 2272 in
925 2248 1065 2287 aquarn
1084 2235 1259 2275 immersa
1290 2238 1418 2279 mollis
1445 2240 1496 2279 est
1512 2272 1522 2286 ,

122 2293 166 2321 ut
200 2282 361 2336 spongia
392 2290 608 2328 communis
640 2316 649 2331 ,
677 2287 738 2329 sed
766 2303 882 2328 manu
911 2290 1122 2345 compressa
1159 2292 1433 2347 complanatur
1454 2326 1463 2340 ,
1483 2299 1526 2336 &

121 2338 353 2392 deprimitur
371 2367 380 2381 ,
413 2356 545 2395 aperta
573 2359 687 2385 manu
704 2345 843 2385 ramuli
877 2347 955 2397 ejus
982 2349 1145 2387 elaterio
1176 2348 1312 2388 donati
1346 2352 1382 2390 in
1402 2351 1526 2404 pristi-

117 2405 212 2434 num
230 2394 480 2439 restituuntur
497 2428 504 2436 .
531 2401 635 2442 Tota
651 2401 737 2442 rufa
751 2400 803 2441 est
818 2429 828 2445 ‚
859 2403 900 2441 ὃ(
919 2406 1105 2456 argenteis
1125 2403 1422 2461 tenuissimisque
1439 2422 1527 2448 acu-

938 2461 966 2498 P
998 2474 1023 2500 2
1461 2465 1529 2505 leis
