2180 2905
575 247 1186 296 MINVSNOTIS
1587 260 1607 295 ς

182 338 512 397 quemadmodum
530 341 675 380 &rota
692 339 952 393 cognovimus
978 350 1045 376 nos
1075 347 1209 375 eorum
1234 334 1424 371 internam
1451 328 1612 370 strud‘cu-

180 413 293 439 ram.
324 396 369 437 Id
385 398 487 437 enim
501 394 728 438 discriminis
754 395 987 434 intercedit,
1018 401 1061 430 ut
1092 390 1294 445 peritiores
1323 387 1522 427 Naturalis
1553 386 1611 425 hi-

185 454 321 495 storiae
335 454 548 506 Scriptores
579 463 725 492 norunt
753 464 885 490 omnes
903 480 912 494 ‚
939 452 1038 489 inter
1063 445 1255 485 Cochleas
1272 442 1458 498 depressa-s
1477 471 1486 485 ‚
1519 457 1611 496 quas

188 510 310 562 aliqui
337 509 538 548 immerito
567 510 770 548 Cornuum
802 506 1029 547 Hammonis
1061 503 1217 542 nomine
1247 501 1423 544 donant,
1449 501 1491 538 ὅ(
1521 512 1612 538 vera

187 567 347 605 Cornua
375 566 604 605 Hammonis
622 595 631 609 ,
655 564 761 618 quod
795 562 889 601 haec
917 558 1153 601 extrinsecus
1184 556 1338 596 diffeeta
1370 564 1586 610 appareant
1603 584 1612 599 ,

188 623 348 661 &intus
365 648 374 662 ‚
407 620 512 674 quod
531 632 650 675 caput
667 619 742 662 est,
773 620 810 657 in
829 620 950 658 varias
982 615 1138 655 cellulas
1171 612 1233 653 seu
1262 611 1526 653 loculamenta
1543 608 1614 649 sint

188 674 307 716 divisa
323 706 331 714 .
360 676 559 717 Cochleae
588 691 682 716 vero
713 676 880 715 exterius
910 673 1140 727 plerumque
1158 670 1281 709 laeves
1300 696 1309 710 ‚
1340 670 1382 707 ὃς
1404 669 1503 707 intus
1522 665 1620 706 sem-

187 746 256 787 per
286 733 441 771 unicam
472 730 649 784 spiralem
679 745 871 771 cameram
912 727 1114 769 ostendant
1147 739 1358 779 numquam
1405 725 1443 763 in
1472 723 1614 777 plureis

187 787 344 827 cellulas
362 787 581 828 distinetam
597 817 607 831 ,
636 798 681 827 ut
712 789 751 827 in
781 787 880 827 veris
895 785 1092 824 Cornibus
1110 782 1338 821 Hammonis
1357 811 1367 826 ‚
1395 781 1437 818 &
1455 782 1491 819 in
1509 779 1617 818 Nau-

190 844 269 882 tilis
285 844 427 882 Indicis
445 846 616 884 cernitur
634 875 640 881 .
673 847 760 884 Hoc
777 846 911 882 Cornu
929 854 1046 894 genus
1072 840 1212 878 vocavi
1236 850 1435 892 praeterea
1449 857 1452 860 ⁴
1467 836 1616 875 littoris

189 896 442 937 Ariminenfis
457 897 759 951 vulgatiffimum
776 928 786 942 ,
816 897 921 949 quod
947 897 1098 935 uberius
1117 896 1152 931 in
1171 895 1396 933 Sedimento
1414 890 1543 930 nostro
1560 905 1619 931 re-

191 953 368 1005 periatur
384 979 394 993 ,
424 956 592 1004 &hujus
610 956 779 1005 primum
796 967 843 991 ex
859 950 1030 990 Marfilio
1049 978 1057 992 ‚
1090 962 1289 1001 tamquam
1307 949 1353 986 de
1370 961 1463 987 vero
1480 948 1617 986 Cornu

188 1009 418 1048 Hammonis
450 1007 680 1047 Ariminensi
703 1036 713 1050 ‚
741 1010 777 1046 in
813 1004 1093 1060 elegantissimis
1124 1004 1430 1045 Commentariis
1467 1002 1620 1042 Acade-

190 1066 290 1104 miae
319 1061 492 1103 Instituti
522 1061 766 1103 Bononienfis
785 1063 1007 1102 meminerit
1026 1063 1225 1100 Beccarius
1243 1066 1310 1109 (a)
1329 1089 1335 1095 .
1365 1061 1619 1111 Qamquam

191 1131 238 1160 ut
262 1133 396 1158 verum
427 1118 544 1158 fatear
576 1119 652 1158 hoc
679 1119 903 1160 Testaceum
936 1119 1055 1157 etiam
1088 1120 1124 1156 in
1151 1117 1375 1156 Sedimentis
1401 1113 1618 1154 multorum

190 1177 368 1215 littorum
399 1174 516 1213 nostri
534 1177 653 1214 Maris
669 1175 952 1217 observaverim
970 1205 978 1218 ‚
1006 1173 1098 1213 licet
1121 1188 1284 1212 numero
1301 1171 1516 1211 admodum
1550 1171 1642 1219 mi-l

190 1232 279 1270 -nori
297 1259 306 1273 ‚
324 1240 370 1268 ut
387 1243 508 1283 nuper
527 1233 565 1269 in
582 1229 797 1270 sedimento
826 1232 967 1269 littoris
986 1231 1127 1268 Veneti
1145 1258 1152 1264 .
1172 1230 1227 1266 At
1245 1229 1285 1266 in
1302 1225 1518 1265 sedimento
1536 1226 1620 1264 Ma·
1638 1256 1641 1258 >

192 1289 241 1327 ris
259 1284 371 1324 inferi
389 1313 397 1325 ‚
428 1294 470 1323 ut
496 1287 533 1323 in
557 1286 883 1325 Centumcellauo
902 1313 911 1326 ,
943 1285 986 1322 ὃς
1017 1285 1056 1322 in
1088 1280 1309 1335 Liburnenfi
1326 1281 1394 1321 illo
1411 1309 1419 1323 ‚
1449 1295 1495 1320 ne
1513 1280 1633 1329 vesti-s
1758 1323 1770 1335 ,ἱ
1812 1319 1820 1327 Π
2007 1310 2009 1312 .
2060 1323 2074 1335 f

191 1344 295 1396 gium
313 1340 467 1394 quidem
498 1341 612 1381 ullius
644 1344 777 1381 Cornu
808 1341 1037 1382 Hammonis
1065 1339 1145 1380 vidi
1164 1323 1338 1391 XQare
1366 1352 1485 1391 quum
1511 1331 1959 1390 tanta'jf‘*²¹5'2't‘mj'2'15'3>r
1976 1338 2085 1375 '‘fd‘'

193 1401 367 1438 ubertate
385 1397 529 1450 prostet
562 1399 597 1436 in
616 1398 753 1438 littore
782 1397 912 1438 nostro
931 1426 940 1440 ‚
973 1397 1015 1435 &
1031 1398 1203 1451 primum
1236 1396 1323 1435 heic
1358 1395 1556 1434 detecstum
1574 1393 1619 1434 fit

191 1455 268 1494 hoc
285 1454 510 1493 admirabile
523 1453 658 1495 Testae
674 1469 791 1508 genus
809 1483 818 1496 ‚
848 1454 954 1508 quod
986 1455 1218 1507 peritiorum
1250 1452 1427 1491 historiae
1448 1451 1622 1490 Naturae

192 1513 435 1563 Scriptorum
454 1509 679 1551 sententiam
695 1509 902 1551 confirmat
919 1539 928 1553 ‚
946 1512 1010 1564 qui
1036 1509 1254 1550 constanter
1271 1509 1483 1549 asserebant
1496 1535 1504 1550 ‚
1524 1509 1622 1546 Cor-

192 1581 266 1607 nua
288 1568 517 1608 Hammonis
550 1566 686 1607 foffiiia
715 1568 764 1608 ad
795 1569 947 1608 Marina
974 1566 1154 1607 Testacea
1173 1597 1182 1609 ,
1211 1567 1254 1604 &
1275 1579 1355 1605 non
1371 1567 1409 1604 in
1427 1562 1522 1604 lusus
1542 1564 1624 1603 Na-

192 1635 301 1663 turae
329 1622 398 1662 effe
429 1623 628 1664 referenda
647 1652 656 1665 ‚
689 1639 766 1664 non
800 1625 998 1664 immerito
1027 1625 1142 1663 Cornu
1173 1623 1390 1662 Hammonis
1414 1623 1622 1661 Ariminen-

188 1681 412 1734 J'e'primwn
443 1682 484 1724 ὼ
514 1681 802 1733 vulgatiffimmn
835 1679 1116 1733 appellavimus
1184 1680 1349 1717 Externa
1380 1678 1538 1729 quidem
1569 1675 1621 1715 fa-

195 1737 269 1774 cies
287 1735 395 1785 hujus
409 1733 543 1772 Testae
576 1748 623 1772 ex
656 1733 781 1785 figura
811 1735 990 1772 omnibus
1017 1745 1108 1786 pate
1147 1761 1155 1768 .
1185 1733 1381 1772 Internam
1408 1747 1502 1771 vero
1526 1719 1819 1785 figu-stslcfs·2iz÷‘r2
1843 1723 2029 1795 ήθῆζμι

196 1803 280 1828 ram
304 1788 375 1827 esse
401 1788 621 1827 cellularem
652 1818 662 1831 ‚
692 1790 731 1825 in
760 1799 823 1827 tot
856 1787 1000 1827 scilicet
1030 1787 1189 1827 cellulas
1219 1818 1229 1832 ,
1267 1788 1328 1827 seu
1358 1788 1623 1828 loculamenta
1832 1783 1835 1789 ’

196 1842 373 1884 divisam,
391 1853 489 1894 quot
514 1840 901 1881 suntinterseetiones
928 1842 1016 1881 illae
1044 1854 1226 1881 externae
1243 1872 1254 1886 ‚
1285 1844 1399 1894 plana
1416 1844 1624 1883 attritione

196 1897 309 1951 super
338 1905 468 1936 cotem
484 1924 494 1939 ‚
527 1896 633 1951 quod
666 1907 775 1937 rotae
792 1912 910 1951 genus
925 1896 977 1936 est
993 1925 1003 1939 ,
1031 1899 1228 1950 cognovi,
1262 1908 1305 1937 ut
1329 1899 1490 1938 minime
1509 1899 1622 1938 dubi-

197 1953 360 1994 tandum
377 1950 420 1992 sit
436 1982 445 1996 ‚
473 1955 566 2006 quin
584 1967 674 1994 vera
705 1967 853 1993 cornua
882 1953 1111 1993 Hammonis
1132 1953 1315 1994 dicantur
1331 1982 1341 1996 ‚
1370 1955 1627 2009 quemadmo-

201 2011 293 2049 dum
324 2008 400 2048 hoc
417 2011 573 2049 nomine
601 2009 830 2049 donabimus
860 2010 1009 2063 reliqua
1038 2025 1209 2065 corpora
1237 2012 1396 2056 omnia,
1427 2025 1525 2064 quae
1555 2011 1623 2050 tali

202 2067 320 2120 pacto
348 2064 596 2108 intrinsecus,
627 2067 670 2105 ὃς
705 2065 936 2107 extrinsecus
965 2066 1213 2107 conformata
1242 2065 1312 2106 effe
1340 2069 1594 2121 cognovimus
1612 2097 1621 2110 ‚

203 2136 299 2175 quae
315 2119 553 2174 sequentibus
582 2123 772 2175 capitibus
790 2121 1069 2164 describemus.
1099 2124 1187 2163 Hoc
1205 2123 1308 2163 addo
1327 2135 1480 2163 tantum
1512 2125 1550 2162 in
1579 2122 1623 2162 fi-

204 2191 253 2216 ne
269 2205 279 2219 ,
308 2191 349 2217 os
365 2177 476 2229 hujus
489 2176 662 2218 Testacei
677 2176 746 2217 effe
763 2178 976 2219 admodum
994 2179 1199 2220 obscurum
1216 2210 1226 2224 ,
1242 2180 1285 2219 ὃς
1300 2179 1529 2234 plerumque
1548 2179 1623 2219 fra-

205 2235 312 2273 ‹Stum
327 2261 338 2276 ‚
366 2247 483 2288 quare
499 2248 577 2274 non
598 2233 685 2274 satis
715 2235 812 2274 bene
829 2235 914 2275 heic
944 2238 994 2277 ab
1017 2234 1184 2277 Artifice
1211 2235 1423 2289 expressum
1442 2264 1448 2269 -
1479 2236 1624 2275 Vltima

206 2291 309 2330 enim
338 2290 474 2330 voluta
503 2290 564 2330 seu
602 2292 727 2344 prima
766 2304 917 2331 camera
956 2291 1067 2348 supra
1113 2291 1318 2333 secundam
1357 2291 1532 2333 volutam
1563 2290 1624 2330 seu

203 2359 396 2385 cameram
423 2347 478 2385 ita
501 2346 642 2387 reflexa
671 2347 723 2386 est
752 2379 761 2393 ,
788 2358 830 2387 ut
862 2348 1010 2389 nullum
1034 2364 1076 2389 os
1109 2347 1286 2404 patulum
1312 2348 1504 2402 relinquat
1522 2379 1530 2392 ‚
1562 2346 1623 2387 sed

206 2400 355 2442 hiatum
370 2411 521 2442 tantum
538 2405 746 2457 quemdam
764 2434 774 2449 ,
803 2404 862 2444 seu
880 2406 1016 2445 rimam
1032 2433 1041 2449 ,
1072 2420 1170 2459 quae
1195 2403 1328 2446 Testae
1344 2404 1435 2444 leco
1450 2407 1525 2444 oris
1543 2402 1595 2443 est
1615 2433 1623 2440 .

935 2463 963 2501 B
1448 2461 1498 2499 II.
1530 2462 1619 2500 Hoc

243 2542 251 2571 (
265 2541 298 2571 ³)
319 2542 489 2573 commenmr.
502 2545 588 2573 Acad.
603 2546 685 2581 lustin.
698 2547 766 2576 Bon.
777 2558 838 2584 pag.
852 2552 893 2574 68.
