2145 2910
576 206 851 247 MINVS
911 200 1182 244 NOTIS
1524 214 1575 247 27

142 293 322 347 'Fungites
350 292 493 347 lapidei
516 290 770 346 complicati,
803 291 845 329 δε
872 301 955 333 ‚non
983 296 1066 326 tam
1095 281 1222 348 patuli
1241 311 1251 328 ‚
1280 293 1326 322 ut
1344 263 1434 325 vsunt
1456 282 1578 335 Fungi

148 349 291 402 lapidei
319 346 368 388 fic
399 349 517 388 dieti.
623 345 947 411 ffstssstssssss·
980 357 1131 389 „qoem
1154 361 1163 372 =

533 510 932 574 CAPVT
1013 505 1213 564 XXI.

172 625 453 667 [NERITVLA
501 640 558 665 Ex
597 640 728 666 Arno
767 636 935 664 RVBRA
980 633 1284 664 'samonum
1323 631 1580 663 ιΑΒῙΑτΑ,

235 694 290 720 ET
329 695 629 722 cocHLEATA
678 691 931 722 LITTORIS
971 680 1370 718 ARIMINENSIS.
1415 677 1579 718 EADEM

237 751 393 779 MAGIs
437 750 755 781 coenum-A,
789 748 891 777 NON
927 746 1181 778 ,ιΑΒιΑτΑ.

149 843 247 929 D
266 843 341 883 VO
372 846 604 885 Neritarum
649 858 788 898 genera
826 843 1007 882 continet
1044 838 1221 894 praesens
1263 837 1399 878 titulus
1431 866 1443 881 ,
1482 854 1581 892 quae

277 902 462 949 quoniam
503 902 690 940 mediocri
718 911 885 951 corpore
915 895 1001 937 sunt
1034 924 1043 939 ‚
1085 897 1127 935 &
1164 898 1243 948 ejus
1276 895 1578 947 magnitudinis,

150 965 229 1004 qua
258 955 296 992 in
325 954 475 994 Tabula
506 956 575 993 ΠΙ.
618 953 741 1009 figura
768 955 840 994 ΙΙΙ.
874 952 940 992 sub
969 952 1110 993 litteris
1141 954 1180 991 G
1210 953 1253 991 &
1287 951 1312 989 F
1342 962 1580 996 cernuntur,

149 1010 347 1052 Neritulas
364 1010 584 1064 appellavi.
617 1012 796 1062 Qarum
826 1024 903 1049 una
921 1038 930 1053 ‚
959 1022 1058 1061 quae
1087 1023 1129 1048 os
1161 1009 1277 1048 habet
1309 1005 1462 1048 crasfius
1493 1005 1582 1062 spis-

148 1064 291 1119 siusque
309 1097 318 1111 ‚
346 1067 389 1106 ὅ(
411 1064 553 1111 [αι-[ατη
583 1066 880 1120 quodammodo
905 1064 1096 1106 reflexum
1112 1096 1122 1111 ,
1154 1065 1342 1106 labiatam
1357 1063 1580 1118 appellavi-

151 1118 291 1161 Altera
308 1121 359 1162 est
376 1137 443 1162 ore
463 1122 556 1162 exili
575 1153 584 1167 ‚
600 1125 642 1162 δε
673 1137 840 1177 corpore
858 1122 1084 1177 plerumque
1101 1123 1269 1166 minori,
1302 1119 1364 1161 sed
1379 1121 1501 1172 magis
1516 1133 1583 1158 co-

150 1177 328 1216 chleato.
354 1177 470 1220 Velut
487 1178 678 1220 terrestres
710 1181 884 1219 Limaces
916 1177 1079 1217 fundum
1096 1179 1213 1215 maris
1239 1183 1466 1230 perreptant
1482 1203 1493 1218 ‚
1518 1172 1579 1215 se'd

149 1231 288 1272 inceffu
315 1234 534 1277 tricorneae
551 1235 733 1273 videntur
752 1262 760 1275 ,
778 1236 868 1288 quia
904 1242 1059 1286 praeter
1073 1231 1154 1270 duo
1169 1244 1339 1273 cornua,
1370 1231 1409 1270 in
1445 1230 1582 1284 quibus

147 1288 282 1328 oculos
299 1299 439 1342 gerunt
452 1319 467 1333 .,
498 1291 656 1329 tertium
676 1292 714 1329 in
733 1289 863 1330 medio
893 1287 1008 1328 altius
1025 1286 1218 1327 attollunt
1235 1286 1554 1329 instarantennae
1573 1317 1583 1332 ,

148 1345 256 1398 quod
274 1357 510 1387 excavatum
528 1344 579 1386 est
594 1345 700 1386 velut
716 1343 954 1385 canaliculus
983 1359 1055 1400 per
1072 1344 1360 1397 longitudinem
1376 1342 1553 1384 diffecstus
1569 1372 1578 1386 ,

150 1414 264 1453 quem
293 1402 556 1443 canalicuium
585 1401 645 1443 seu
671 1413 881 1443 antennam
913 1428 922 1444 ‚
956 1399 1235 1441 proboscidem
1266 1400 1477 1454 quamdam
1509 1399 1579 1441 effe

147 1469 249 1515 puto
267 1458 356 1499 loco
370 1461 445 1499 oris
462 1489 471 1503 ‚
487 1470 531 1499 ut
550 1460 588 1499 in
607 1458 749 1499 Muscis
765 1462 807 1500 ὃ(
824 1460 862 1498 in
878 1458 1144 1516 Papilionibus
1167 1456 1405 1512 quibusdam
1422 1458 1586 1497 noetur-

151 1513 233 1551 nis.
266 1514 479 1556 Observavi
508 1518 626 1558 etiam
650 1518 843 1559 Turbines
878 1516 1052 1569 virgatos
1083 1545 1093 1559 ‚
1121 1528 1222 1572 ‚quos
1252 1512 1422 1568 sequenti
1453 1513 1582 1567 capite

152 1568 368 1612 describam
401 1572 471 1613 effe
490 1574 732 1614 tricorneos.
762 1574 825 1612 An
855 1571 1028 1612 universa
1057 1571 1321 1611 Cochlearum
1347 1571 1582 1611 marinarum

152 1637 294 1676 genera
311 1655 322 1671 ,
348 1629 509 1668 Neritae
540 1643 679 1681 nempe
697 1657 705 1670 ‚
730 1629 920 1668 Turbines
939 1655 949 1670 ‚
980 1630 1179 1680 Purpurae
1196 1654 1205 1668 ‚
1234 1627 1402 1668 Buccina
1419 1653 1428 1668 ‚
1461 1627 1503 1665 ὃ(
1521 1639 1582 1664 ce-

151 1690 235 1721 tera
249 1682 479 1733 hujusmodi
494 1683 568 1722 sint
587 1686 781 1722 tricornea
799 1711 808 1724 ‚
828 1698 907 1722 non
936 1681 1051 1722 aufim
1069 1680 1262 1721 affirmare
1279 1709 1288 1723 ,
1321 1696 1456 1721 verum
1473 1680 1584 1722 valde

154 1735 323 1775 dubito.
350 1740 509 1777 Praeter
533 1737 599 1776 has
629 1738 721 1777 duas
752 1738 1023 1779 Neritularum
1055 1736 1196 1791 species
1215 1764 1225 1779 ‚
1256 1737 1299 1776 &
1330 1747 1485 1789 praeter
1509 1738 1583 1777 tria

150 1789 371 1831 Turbinum
399 1796 641 1846 virgatorum
664 1806 807 1844 genera
839 1819 850 1833 ‚
894 1806 993 1846 quae
1019 1794 1155 1830 omnia
1187 1795 1382 1832 tricornea
1412 1791 1482 1832 effe
1511 1794 1582 1832 ob-

152 1843 325 1891 servavi,
354 1848 403 1885 ab
419 1848 632 1886 Reamurio
650 1849 687 1886 in
706 1849 816 1886 Adris
846 1847 1080 1886 Academiae
1112 1844 1323 1887 ,Parifienfis
1349 1849 1442 1887 anni
1464 1861 1577 1894 1710.
1606 1866 1608 1868 ’

152 1897 275 1953 figura
304 1916 381 1943 Χνῐ
396 1917 409 1941 1
423 1917 453 1943 1.
502 1903 645 1955 ingitur
671 1904 884 1943 Buccinum
902 1902 1101 1955 quoddam
1118 1914 1284 1956 parvum
1315 1902 1578 1950 tricorneum‚

154 1955 217 1997 seu
233 1971 322 1997 cum
337 1918 571 2000 homicide
588 1988 597 2002 ,
627 1957 685 1999 sed
704 1960 751 1999 de
768 1959 839 1999 hac
856 1957 1089 2002 Proboscide
1106 1957 1214 1998 nulla
1230 1956 1276 1999 fit
1292 1960 1442 1999 mentio
1458 1991 1468 1999 ,
1498 1960 1581 2004 Hae

159 2013 360 2056 Neritulae
387 2015 617 2071 operculum
648 2015 794 2056 habent
825 2046 834 2061 ,
865 2016 971 2070 quod
1002 2016 1095 2055 dum
1121 2030 1191 2071 per
1216 2014 1325 2056 littus
1353 2027 1513 2069 reptant
1539 2019 1578 2059 in

158 2073 405 2112 extremitate
421 2086 559 2112 carnea
575 2083 715 2125 gerunt
733 2099 743 2115 ,
771 2087 946 2127 quocum
974 2084 1114 2127 captae
1144 2069 1178 2110 se
1207 2072 1246 2111 in
1275 2072 1437 2112 domum
1474 2071 1579 2115 suam

158 2128 354 2180 recipiunt
371 2157 381 2172 ,
406 2130 451 2172 ὃς
467 2129 701 2170 clauduntur
720 2157 726 2164 -
745 2130 877 2181 Qare
895 2162 904 2176 ‚
934 2141 977 2169 ut
992 2130 1142 2183 optime
1157 2129 1311 2168 notavit
1330 2130 1548 2170 Bonannius
1567 2160 1576 2174 ‚

165 2183 385 2238 Conchylia
411 2184 543 2226 omnia
571 2185 739 2226 bivalvia
769 2187 845 2226 dici
873 2186 1026 2242 possunt
1043 2216 1052 2230 ,
1082 2185 1143 2225 sed
1167 2185 1218 2225 ab
1235 2184 1290 2224 his
1306 2187 1437 2228 Nuces
1469 2189 1582 2227 mari-

163 2251 233 2278 nae
250 2267 260 2282 ,
291 2251 333 2281 ut
352 2242 516 2282 vidimus
532 2273 543 2288 ,
559 2240 644 2282 sunt
661 2244 911 2296 excipiendae
927 2273 936 2286 ,
957 2258 1054 2298 quae
1072 2256 1282 2297 numquam
1297 2240 1476 2282 universo
1491 2257 1580 2283 cor-

161 2306 258 2346 pore
275 2324 285 2339 ‚
301 2298 405 2351 quod
426 2313 610 2354 magnum
627 2302 666 2340 ὅ(
686 2299 799 2354 plane
823 2301 1114 2356 cartilagineum
1130 2298 1182 2339 est
1197 2327 1207 2342 ‚
1237 2301 1341 2339 intra
1356 2299 1570 2340 Cochieam

161 2347 265 2392 suam
294 2352 328 2394 se
356 2356 576 2409 recipiunt·
761 2354 763 2357 ’

845 2472 886 2514 D
917 2485 941 2513 2
1490 2450 1580 2509 ι’ΐΔζ-
