2180 2905
434 320 847 419 PARS
947 317 1465 414 PRIMA

621 463 1265 507 QQQQQQQ

522 564 876 629 CAPVT
948 565 1376 627 PRIMVM

322 691 388 730 DE
429 691 725 734 SEDIMENTO
763 692 933 742 MARIS
976 705 1034 730 AD
1077 693 1270 743 LITTVS
1309 693 1579 733 ARIMINI„

329 855 332 857 ¹
350 839 363 845 ..
385 833 392 847 ι
411 817 428 841 ’κ
454 807 654 860 Ntequam
672 807 719 846 de
734 804 885 860 fingulis
913 807 1023 846 rebus
1041 806 1132 845 dico
1146 834 1155 848 ‚
1173 820 1337 858 quarum
1364 808 1401 845 in
1423 806 1665 850 Praefatione

278 902 288 911 ,
385 862 394 866 ’
468 865 704 902 mentionem
724 862 796 901 feci
815 890 825 903 ‚
855 863 902 901 de
922 864 1147 902 Sedimento
1178 863 1295 901 Maris
1328 863 1375 902 ad
1393 863 1502 902 littus
1533 864 1665 901 arimi-

410 921 428 963 ‚f
467 916 578 956 nense
595 919 807 971 generatim
825 917 1032 959 dicendum
1052 919 1259 971 .Pleraque
1276 919 1380 957 enim
1397 920 1436 959 in
1455 916 1548 969 ipso,
1566 932 1664 970 quae

352 973 360 981 “
466 982 550 1010 tota
568 972 640 1011 hac
658 973 895 1011 tradtatione
912 971 1165 1016 absolvemus,
1183 974 1427 1025 reperiuntur
1441 973 1664 1021 §edimenti

234 1029 396 1077 ‚nomine
414 1028 489 1071 hoc
508 1027 598 1066 loco
617 1030 788 1069 Arenam
803 1028 1009 1080 quamdam
1028 1026 1276 1081 intelligimus
1295 1029 1666 1069 omniConcharum

232 1097 370 1137 genere
386 1112 395 1126 ,
423 1086 464 1125 &
480 1082 769 1123 Vmbilicorum
801 1082 1085 1123 refertissimam
1103 1115 1112 1129 ‚
1145 1084 1207 1123 scu
1221 1098 1269 1123 ex
1288 1084 1384 1123 testis
1412 1084 1665 1124 Concharum

235 1143 431 1191 majorum
451 1139 593 1181 fractis,
610 1140 650 1177 ὅ(
667 1153 714 1178 ex
730 1141 894 1179 minimis
912 1140 1141 1181 Conchis,&
1159 1139 1340 1185 Cochleis
1359 1142 1472 1184 variis
1488 1139 1664 1179 constan-

235 1205 313 1233 tem
330 1223 338 1236 ,
357 1196 462 1251 quod
482 1208 621 1234 arenae
639 1209 754 1246 genus
775 1195 1004 1248 plerumque
1021 1197 1068 1234 ad
1089 1197 1208 1241 undas
1225 1196 1341 1239 Maris
1361 1193 1521 1249 prostat,
1543 1194 1661 1249 iisque

236 1249 394 1290 alluitur
411 1278 420 1292 ,
454 1247 679 1304 praesertim
710 1251 747 1287 in
779 1253 858 1303 ejus
889 1249 994 1289 fluxu
1013 1278 1019 1285 .
1051 1250 1156 1299 Haec
1187 1263 1304 1289 arena
1321 1248 1382 1296 seu
1414 1252 1544 1305 potius
1561 1253 1666 1305 ξε-ρἰ

237 1317 409 1355 mgntum
427 1307 548 1357 majus
566 1303 617 1343 est
637 1304 810 1345 minusve
829 1335 838 1352 ,
865 1305 907 1344 &
933 1305 1301 1352 interdum-nullum
1328 1309 1419 1359 pro
1436 1309 1541 1348 varia
1569 1318 1666 1347 tem-

234 1360 425 1415 pestatum
442 1392 451 1406 ‚
476 1364 518 1407 ὅζ
534 1361 794 1414 procellarum
814 1362 986 1401 ratione.
1019 1362 1183 1402 Nullum
1209 1361 1262 1402 est
1293 1364 1393 1403 irato
1411 1378 1515 1403 mare
1534 1395 1542 1407 ,
1567 1366 1609 1403 &
1628 1367 1666 1403 in

235 1416 315 1471 1pla
329 1418 590 1476 procellarum
608 1416 831 1473 tempestate
851 1449 857 1456 .
891 1419 1078 1458 Abundat
1102 1433 1194 1459 vero
1214 1419 1426 1477 tranquillo
1454 1421 1495 1459 &
1520 1422 1665 1461 emetis

236 1473 417 1526 procellis
449 1502 459 1517 ‚
493 1471 698 1526 sensimque
732 1474 892 1527 placidis
923 1475 1034 1514 undis
1067 1475 1114 1514 ad
1146 1475 1251 1516 littus
1281 1476 1492 1530 deponitur
1511 1505 1519 1518 ‚
1552 1478 1667 1530 idque

235 1528 457 1582 praesertim
492 1528 576 1584 post
608 1531 819 1569 Novilunia
839 1558 847 1570 ‚
875 1533 916 1569 &
946 1531 1188 1578 Plenilunia,
1220 1546 1340 1587 quum
1358 1531 1460 1574 hisce
1479 1535 1667 1586 tempori-

234 1586 303 1625 bus
321 1616 330 1632 ,
362 1597 405 1626 ut
421 1601 552 1627 omnes
587 1598 731 1625 norunt
748 1617 757 1632 ‚
789 1590 952 1640 majores
971 1590 1075 1628 venti
1092 1616 1100 1629 ‚
1132 1587 1483 1642 frequentioresque
1516 1590 1667 1644 procel-

235 1640 296 1686 ¹lae
313 1645 353 1681 in
371 1657 476 1682 mare
493 1641 688 1696 assurgant
705 1670 714 1684 ‚
743 1657 841 1696 quae
874 1655 957 1682 tum
977 1656 1019 1683 ut
1039 1642 1202 1683 fundum
1220 1647 1298 1696 ejus
1317 1659 1443 1699 prope
1460 1646 1567 1685 littus
1586 1660 1666 1684 ma-

236 1699 291 1750 gis
320 1700 555 1739 concutiunt
581 1726 590 1739 ,
622 1700 664 1736 &
693 1710 948 1750 commovent
968 1726 976 1738 ,
1007 1701 1062 1736 ita
1093 1700 1323 1738 Animacula
1354 1700 1433 1752 ipsa
1463 1700 1562 1741 testis
1595 1701 1665 1743 illis

236 1763 423 1791 contenta
441 1753 530 1790 loco
546 1752 613 1802 suo
629 1752 830 1790 dimovent
846 1764 888 1789 ut
905 1752 1139 1797 suffocentur
1154 1780 1163 1794 ,
1191 1757 1407 1794 moriantur
1426 1785 1434 1797 ,
1467 1768 1581 1809 atque
1609 1758 1666 1795 in-

238 1807 286 1844 de
301 1806 471 1845 secundis
486 1804 666 1845 fluetibus
693 1806 740 1849 ad
758 1807 883 1852 Littus
903 1806 1023 1859 ipsum
1042 1806 1288 1858 asportentur
1305 1837 1315 1850 ‚
1344 1813 1386 1849 ὃς
1403 1813 1666 1859 Sedimentum

236 1859 313 1906 hoc
330 1859 501 1900 nostrum
531 1869 799 1917 componant·
828 1860 1008 1902 Mirabile
1041 1861 1125 1913 ,sane
1155 1861 1206 1901 est
1233 1863 1456 1914 hujusmodi
1474 1867 1667 1907 Sedimen-

242 1928 325 1956 tum
356 1917 394 1955 in
424 1915 605 1957 omnibus
634 1915 730 1959 locis
762 1918 962 1957 maritimis
979 1944 989 1960 ,
1021 1931 1097 1956 non
1116 1928 1271 1958 tantum
1303 1931 1467 1974 propter
1497 1925 1663 1976 majores

239 1972 347 2013 testas
366 2001 375 2015 ,
404 1986 495 2028 quas
512 1973 724 2029 permixtas
740 1971 858 2014 habet
876 2001 886 2016 ,
911 1988 1086 2031 quaeque
1114 1975 1153 2017 in
1182 1973 1235 2014 sui
1252 1974 1549 2018 admirationem
1568 1979 1662 2019 surn-

243 2044 323 2070 mos
339 2030 450 2074 Viros
469 2056 478 2072 ‚
502 2041 547 2068 ut
563 2028 729 2068 diximus
746 2030 786 2067 in
802 2029 1042 2084 praefatione
1060 2059 1070 2075 ‚
1104 2029 1250 2084 semper
1266 2043 1471 2080 traxerunt
1489 2063 1498 2076 ‚
1530 2035 1590 2075 sed
1609 2047 1664 2076 et-
1694 2064 1704 2088 ,

243 2087 316 2125 iam
333 2096 496 2141 propter
511 2084 592 2125 illas
608 2086 785 2125 minimas
800 2086 1019 2126 Conchulas
1037 2114 1046 2129 ‚
1079 2087 1121 2133 ἀ
1137 2087 1368 2129 Cochleolas
1387 2117 1393 2124 .
1429 2093 1483 2129 At
1499 2104 1664 2145 propter
1682 2126 1708 2149 Χ

242 2140 323 2180 istas
338 2156 430 2196 prae
446 2143 581 2181 ceteris
613 2140 839 2186 admirabile
856 2140 907 2181 est
923 2143 1188 2189 Sedimentum
1212 2143 1454 2185 Ariminense
1472 2177 1480 2191 ,
1515 2158 1556 2186 ut
1577 2162 1663 2186 cen-

244 2208 327 2237 tum
343 2212 484 2252 genera
500 2199 542 2237 ὃ(
558 2197 660 2237 ultra
677 2197 817 2237 horum
834 2212 1045 2254 corporum
1064 2200 1312 2240 minimorum
1331 2228 1339 2242 ‚
1358 2215 1524 2254 quotum
1541 2203 1665 2257 plera-
1688 2206 1706 2225 ‘·'

241 2267 317 2307 que
333 2255 479 2295 intad'ta
495 2284 505 2300 ‚
538 2254 580 2292 ὅ(
608 2255 647 2293 in
665 2254 771 2294 libris
789 2268 867 2293 non
883 2256 1035 2310 depiGta
1054 2257 1251 2305 contineat
1269 2287 1277 2296 .
1308 2259 1410 2297 Cum
1440 2258 1664 2302 Sedimento
1683 2278 1705 2306 ι]

241 2308 466 2350 Ariminensi
499 2311 656 2350 minime
686 2310 843 2363 quidem
872 2312 1180 2367 comparandum
1207 2313 1259 2353 est
1275 2313 1369 2354 illud
1387 2313 1549 2359 aliarum
1567 2316 1661 2356 vici-

241 2379 378 2405 narum
392 2367 556 2406 Vrbium
574 2397 583 2410 ‚
614 2364 824 2415 PLQLQILse
842 2381 979 2420 nempe
997 2397 1006 2412 ‚
1036 2368 1240 2412 Cemiense
1255 2400 1264 2415 ‚
1299 2370 1486 2410 Venetum
1507 2370 1626 2425 ipsum
1648 2387 1657 2415 ;

244 2422 457 2471 quinimmo
474 2436 596 2476 neque
612 2423 707 2463 illud
737 2423 852 2463 Inferi
886 2425 1000 2465 Maris
1019 2455 1028 2467 ‚
1059 2436 1100 2465 ut
1130 2438 1178 2464 ex
1207 2425 1277 2466 illo
1309 2439 1358 2465 ex
1386 2428 1533 2469 Littore
1562 2428 1664 2467 Cen-

1559 2494 1659 2527 tUssh
