<?xml version="1.0" encoding="UTF-8"?>
<!DOCTYPE html PUBLIC "-//W3C//DTD XHTML 1.0 Transitional//EN"
    "http://www.w3.org/TR/xhtml1/DTD/xhtml1-transitional.dtd">
<html xmlns="http://www.w3.org/1999/xhtml" xml:lang="en" lang="en">
 <head>
  <title>
</title>
<meta http-equiv="Content-Type" content="text/html;charset=utf-8" />
  <meta name='ocr-system' content='tesseract 3.04.00' />
  <meta name='ocr-capabilities' content='ocr_page ocr_carea ocr_par ocr_line ocrx_word'/>
</head>
<body>
  <div class='ocr_page' id='page_1' title='image "./janiplanciarimin02bian_0054.png"; bbox 0 0 2145 2910; ppageno 0'>
   <div class='ocr_carea' id='block_1_1' title="bbox 525 224 1497 273">
    <p class='ocr_par' dir='ltr' id='par_1_1' title="bbox 525 224 1497 273">
     <span class='ocr_line' id='line_1_1' title="bbox 525 224 1497 273; baseline 0.005 -11"><span class='ocrx_word' id='word_1_1' title='bbox 525 236 576 273; x_wconf 80' lang='lat'>50</span> <span class='ocrx_word' id='word_1_2' title='bbox 978 224 1497 267; x_wconf 72' lang='lat' dir='ltr'>PRAEFATIO</span> 
     </span>
    </p>
   </div>
   <div class='ocr_carea' id='block_1_2' title="bbox 31 308 1991 2458">
    <p class='ocr_par' dir='ltr' id='par_1_2' title="bbox 31 308 1991 2458">
     <span class='ocr_line' id='line_1_2' title="bbox 526 308 1966 368; baseline 0.006 -21"><span class='ocrx_word' id='word_1_3' title='bbox 526 310 570 348; x_wconf 65' lang='grc' dir='ltr'>ὃς</span> <span class='ocrx_word' id='word_1_4' title='bbox 588 309 805 352; x_wconf 84' lang='lat' dir='ltr'>turbatum,</span> <span class='ocrx_word' id='word_1_5' title='bbox 823 308 1031 363; x_wconf 78' lang='lat' dir='ltr'><strong>diligenter</strong></span> <span class='ocrx_word' id='word_1_6' title='bbox 1046 312 1084 349; x_wconf 88' lang='lat' dir='ltr'>in</span> <span class='ocrx_word' id='word_1_7' title='bbox 1101 309 1332 352; x_wconf 86' lang='lat' dir='ltr'>Adversaria</span> <span class='ocrx_word' id='word_1_8' title='bbox 1348 311 1476 353; x_wconf 83' lang='lat' dir='ltr'>nostra</span> <span class='ocrx_word' id='word_1_9' title='bbox 1493 340 1502 355; x_wconf 83' lang='lat'><strong>,</strong></span> <span class='ocrx_word' id='word_1_10' title='bbox 1521 310 1581 353; x_wconf 83' lang='lat' dir='ltr'>seu</span> <span class='ocrx_word' id='word_1_11' title='bbox 1597 311 1872 368; x_wconf 88' lang='lat' dir='ltr'>Ephemerides</span> <span class='ocrx_word' id='word_1_12' title='bbox 1906 330 1966 356; x_wconf 88' lang='lat' dir='ltr'>re-</span> 
     </span>
     <span class='ocr_line' id='line_1_3' title="bbox 528 364 1968 426; baseline 0.006 -22"><span class='ocrx_word' id='word_1_13' title='bbox 528 364 768 405; x_wconf 77' lang='lat' dir='ltr'>ferebamus.</span> <span class='ocrx_word' id='word_1_14' title='bbox 802 367 936 418; x_wconf 77' lang='lat' dir='ltr'>Qiare</span> <span class='ocrx_word' id='word_1_15' title='bbox 950 381 996 407; x_wconf 82' lang='lat' dir='ltr'>ex</span> <span class='ocrx_word' id='word_1_16' title='bbox 1014 366 1069 406; x_wconf 85' lang='lat' dir='ltr'>his</span> <span class='ocrx_word' id='word_1_17' title='bbox 1087 369 1269 408; x_wconf 89' lang='lat' dir='ltr'>omnibus</span> <span class='ocrx_word' id='word_1_18' title='bbox 1293 366 1319 409; x_wconf 85' lang='lat' dir='ltr'>fi</span> <span class='ocrx_word' id='word_1_19' title='bbox 1338 383 1417 408; x_wconf 90' lang='lat' dir='ltr'>non</span> <span class='ocrx_word' id='word_1_20' title='bbox 1441 368 1618 410; x_wconf 79' lang='lat' dir='ltr'>universa</span> <span class='ocrx_word' id='word_1_21' title='bbox 1647 370 1764 426; x_wconf 85' lang='lat' dir='ltr'>plane</span> <span class='ocrx_word' id='word_1_22' title='bbox 1782 402 1793 417; x_wconf 87' lang='lat'><strong><em>,</em></strong></span> <span class='ocrx_word' id='word_1_23' title='bbox 1822 373 1865 411; x_wconf 74' lang='lat' dir='ltr'>&lt;Sc</span> <span class='ocrx_word' id='word_1_24' title='bbox 1894 374 1968 411; x_wconf 90' lang='lat' dir='ltr'>mi-</span> 
     </span>
     <span class='ocr_line' id='line_1_4' title="bbox 530 423 1964 480; baseline 0.006 -20"><span class='ocrx_word' id='word_1_25' title='bbox 530 433 626 461; x_wconf 82' lang='lat' dir='ltr'>nuta</span> <span class='ocrx_word' id='word_1_26' title='bbox 650 424 765 462; x_wconf 86' lang='lat' dir='ltr'>maris</span> <span class='ocrx_word' id='word_1_27' title='bbox 782 434 922 463; x_wconf 84' lang='lat' dir='ltr'>eventa</span> <span class='ocrx_word' id='word_1_28' title='bbox 946 423 1217 478; x_wconf 81' lang='lat' dir='ltr'>indagavimus</span> <span class='ocrx_word' id='word_1_29' title='bbox 1234 455 1243 468; x_wconf 97' lang='lat'>‚</span> <span class='ocrx_word' id='word_1_30' title='bbox 1272 423 1592 480; x_wconf 84' lang='lat' dir='ltr'>praestantissima</span> <span class='ocrx_word' id='word_1_31' title='bbox 1609 438 1715 468; x_wconf 89' lang='lat' dir='ltr'>certe</span> <span class='ocrx_word' id='word_1_32' title='bbox 1731 429 1774 467; x_wconf 65' lang='grc' dir='ltr'>ὅ(</span> <span class='ocrx_word' id='word_1_33' title='bbox 1793 429 1964 469; x_wconf 82' lang='lat' dir='ltr'>maxima</span> 
     </span>
     <span class='ocr_line' id='line_1_5' title="bbox 529 479 1965 539; baseline 0.004 -21"><span class='ocrx_word' id='word_1_34' title='bbox 529 480 790 533; x_wconf 81' lang='lat' dir='ltr'>cognovimus</span> <span class='ocrx_word' id='word_1_35' title='bbox 807 507 816 520; x_wconf 93' lang='lat'>,</span> <span class='ocrx_word' id='word_1_36' title='bbox 834 493 881 518; x_wconf 85' lang='lat' dir='ltr'>ex</span> <span class='ocrx_word' id='word_1_37' title='bbox 898 481 1036 532; x_wconf 87' lang='lat' dir='ltr'>quibus</span> <span class='ocrx_word' id='word_1_38' title='bbox 1053 479 1265 535; x_wconf 86' lang='lat' dir='ltr'>sequenteis</span> <span class='ocrx_word' id='word_1_39' title='bbox 1282 480 1570 538; x_wconf 75' lang='lat' dir='ltr'>propositiones</span> <span class='ocrx_word' id='word_1_40' title='bbox 1586 497 1826 538; x_wconf 81' lang='lat' dir='ltr'>exponemus</span> <span class='ocrx_word' id='word_1_41' title='bbox 1840 516 1848 530; x_wconf 94' lang='lat'>‚</span> <span class='ocrx_word' id='word_1_42' title='bbox 1866 499 1965 539; x_wconf 88' lang='lat' dir='ltr'>quae</span> 
     </span>
     <span class='ocr_line' id='line_1_6' title="bbox 531 533 1968 591; baseline 0.006 -18"><span class='ocrx_word' id='word_1_43' title='bbox 531 549 608 574; x_wconf 89' lang='lat' dir='ltr'>non</span> <span class='ocrx_word' id='word_1_44' title='bbox 626 549 672 573; x_wconf 82' lang='lat' dir='ltr'>ex</span> <span class='ocrx_word' id='word_1_45' title='bbox 691 533 898 589; x_wconf 74' lang='lat' dir='ltr'>hypothesi</span> <span class='ocrx_word' id='word_1_46' title='bbox 927 536 1058 591; x_wconf 85' lang='lat' dir='ltr'>aliqua</span> <span class='ocrx_word' id='word_1_47' title='bbox 1077 568 1086 582; x_wconf 92' lang='lat'>‚</span> <span class='ocrx_word' id='word_1_48' title='bbox 1112 537 1174 578; x_wconf 88' lang='lat' dir='ltr'>sed</span> <span class='ocrx_word' id='word_1_49' title='bbox 1192 552 1240 579; x_wconf 87' lang='lat' dir='ltr'>ex</span> <span class='ocrx_word' id='word_1_50' title='bbox 1258 541 1372 580; x_wconf 86' lang='lat' dir='ltr'>meris</span> <span class='ocrx_word' id='word_1_51' title='bbox 1401 538 1732 581; x_wconf 84' lang='lat' dir='ltr'>observationibus</span> <span class='ocrx_word' id='word_1_52' title='bbox 1757 552 1870 581; x_wconf 74' lang='lat' dir='ltr'>erunt</span> <span class='ocrx_word' id='word_1_53' title='bbox 1902 542 1968 581; x_wconf 91' lang='lat' dir='ltr'>de-</span> 
     </span>
     <span class='ocr_line' id='line_1_7' title="bbox 530 591 1969 651; baseline 0.006 -21"><span class='ocrx_word' id='word_1_54' title='bbox 530 592 672 630; x_wconf 73' lang='lat' dir='ltr'>ducftae</span> <span class='ocrx_word' id='word_1_55' title='bbox 690 604 699 632; x_wconf 90' lang='lat'>;</span> <span class='ocrx_word' id='word_1_56' title='bbox 728 591 852 645; x_wconf 81' lang='lat' dir='ltr'>quue</span> <span class='ocrx_word' id='word_1_57' title='bbox 879 595 1109 647; x_wconf 87' lang='lat' dir='ltr'>probabunt</span> <span class='ocrx_word' id='word_1_58' title='bbox 1124 609 1260 636; x_wconf 89' lang='lat' dir='ltr'>omnes</span> <span class='ocrx_word' id='word_1_59' title='bbox 1276 597 1344 650; x_wconf 91' lang='lat' dir='ltr'>qui</span> <span class='ocrx_word' id='word_1_60' title='bbox 1367 594 1521 651; x_wconf 84' lang='lat' dir='ltr'>sapiunt</span> <span class='ocrx_word' id='word_1_61' title='bbox 1536 625 1546 640; x_wconf 90' lang='lat'>‚</span> <span class='ocrx_word' id='word_1_62' title='bbox 1564 598 1607 636; x_wconf 85' lang='lat'>&amp;</span> <span class='ocrx_word' id='word_1_63' title='bbox 1624 596 1775 638; x_wconf 75' lang='lat' dir='ltr'>fortaffe</span> <span class='ocrx_word' id='word_1_64' title='bbox 1791 596 1969 638; x_wconf 85' lang='lat' dir='ltr'>observa-</span> 
     </span>
     <span class='ocr_line' id='line_1_8' title="bbox 526 645 1964 707; baseline 0.005 -21"><span class='ocrx_word' id='word_1_65' title='bbox 526 648 652 686; x_wconf 79' lang='lat' dir='ltr'>tiones</span> <span class='ocrx_word' id='word_1_66' title='bbox 670 645 741 687; x_wconf 83' lang='lat' dir='ltr'>hae</span> <span class='ocrx_word' id='word_1_67' title='bbox 760 650 1023 702; x_wconf 88' lang='lat' dir='ltr'>perpauculae</span> <span class='ocrx_word' id='word_1_68' title='bbox 1039 651 1171 692; x_wconf 88' lang='lat' dir='ltr'>multis</span> <span class='ocrx_word' id='word_1_69' title='bbox 1196 653 1453 693; x_wconf 85' lang='lat' dir='ltr'>incitamento</span> <span class='ocrx_word' id='word_1_70' title='bbox 1468 665 1582 694; x_wconf 86' lang='lat' dir='ltr'>erunt</span> <span class='ocrx_word' id='word_1_71' title='bbox 1599 684 1609 699; x_wconf 93' lang='lat'>‚</span> <span class='ocrx_word' id='word_1_72' title='bbox 1637 665 1681 693; x_wconf 86' lang='lat' dir='ltr'>ut</span> <span class='ocrx_word' id='word_1_73' title='bbox 1700 658 1863 707; x_wconf 87' lang='lat' dir='ltr'>majores</span> <span class='ocrx_word' id='word_1_74' title='bbox 1883 655 1964 707; x_wconf 87' lang='lat' dir='ltr'>ple-</span> 
     </span>
     <span class='ocr_line' id='line_1_9' title="bbox 525 701 1964 766; baseline 0.006 -25"><span class='ocrx_word' id='word_1_75' title='bbox 525 701 727 756; x_wconf 86' lang='lat' dir='ltr'>nioresque</span> <span class='ocrx_word' id='word_1_76' title='bbox 744 704 943 746; x_wconf 85' lang='lat' dir='ltr'>instituant</span> <span class='ocrx_word' id='word_1_77' title='bbox 960 735 969 750; x_wconf 89' lang='lat'>‚</span> <span class='ocrx_word' id='word_1_78' title='bbox 999 720 1042 747; x_wconf 92' lang='lat' dir='ltr'>ut</span> <span class='ocrx_word' id='word_1_79' title='bbox 1062 708 1219 749; x_wconf 88' lang='lat' dir='ltr'>tandem</span> <span class='ocrx_word' id='word_1_80' title='bbox 1250 709 1463 764; x_wconf 86' lang='lat' dir='ltr'>aliquando</span> <span class='ocrx_word' id='word_1_81' title='bbox 1481 709 1639 766; x_wconf 78' lang='lat' dir='ltr'>systema</span> <span class='ocrx_word' id='word_1_82' title='bbox 1669 710 1829 764; x_wconf 82' lang='lat' dir='ltr'>aliquod</span> <span class='ocrx_word' id='word_1_83' title='bbox 1855 709 1964 751; x_wconf 89' lang='lat' dir='ltr'>abso-</span> 
     </span>
     <span class='ocr_line' id='line_1_10' title="bbox 525 759 1967 820; baseline 0.006 -22"><span class='ocrx_word' id='word_1_84' title='bbox 525 759 651 799; x_wconf 90' lang='lat' dir='ltr'>lutum</span> <span class='ocrx_word' id='word_1_85' title='bbox 668 774 717 800; x_wconf 84' lang='lat' dir='ltr'>ex</span> <span class='ocrx_word' id='word_1_86' title='bbox 735 765 833 802; x_wconf 89' lang='lat' dir='ltr'>veris</span> <span class='ocrx_word' id='word_1_87' title='bbox 850 761 984 804; x_wconf 76' lang='lat' dir='ltr'>caustis</span> <span class='ocrx_word' id='word_1_88' title='bbox 1000 764 1292 820; x_wconf 80' lang='lat' dir='ltr'>rationibusque</span> <span class='ocrx_word' id='word_1_89' title='bbox 1311 767 1524 808; x_wconf 66' lang='lat' dir='ltr'>dedudtum</span> <span class='ocrx_word' id='word_1_90' title='bbox 1539 764 1774 807; x_wconf 82' lang='lat' dir='ltr'>conficiatur</span> <span class='ocrx_word' id='word_1_91' title='bbox 1793 782 1802 811; x_wconf 75' lang='grc' dir='ltr'><strong><em>ς</em></strong></span> <span class='ocrx_word' id='word_1_92' title='bbox 1828 765 1880 806; x_wconf 83' lang='lat' dir='ltr'>sin</span> <span class='ocrx_word' id='word_1_93' title='bbox 1898 768 1967 806; x_wconf 88' lang='lat' dir='ltr'>mi-</span> 
     </span>
     <span class='ocr_line' id='line_1_11' title="bbox 526 816 1968 879; baseline 0.006 -24"><span class='ocrx_word' id='word_1_94' title='bbox 526 831 597 856; x_wconf 85' lang='lat' dir='ltr'>nus</span> <span class='ocrx_word' id='word_1_95' title='bbox 618 846 626 858; x_wconf 95' lang='lat'>‚</span> <span class='ocrx_word' id='word_1_96' title='bbox 657 816 815 857; x_wconf 87' lang='lat' dir='ltr'>historia</span> <span class='ocrx_word' id='word_1_97' title='bbox 832 830 964 860; x_wconf 79' lang='lat' dir='ltr'>tamen</span> <span class='ocrx_word' id='word_1_98' title='bbox 983 821 1095 872; x_wconf 85' lang='lat' dir='ltr'>hujus</span> <span class='ocrx_word' id='word_1_99' title='bbox 1113 823 1304 874; x_wconf 85' lang='lat' dir='ltr'>praeclari</span> <span class='ocrx_word' id='word_1_100' title='bbox 1321 822 1580 876; x_wconf 82' lang='lat' dir='ltr'>phaenomeni</span> <span class='ocrx_word' id='word_1_101' title='bbox 1610 822 1777 861; x_wconf 87' lang='lat' dir='ltr'>multum</span> <span class='ocrx_word' id='word_1_102' title='bbox 1801 820 1968 879; x_wconf 82' lang='lat' dir='ltr'>amplifi-</span> 
     </span>
     <span class='ocr_line' id='line_1_12' title="bbox 525 874 1967 931; baseline 0.003 -19"><span class='ocrx_word' id='word_1_103' title='bbox 525 874 681 913; x_wconf 84' lang='lat' dir='ltr'>cabitur</span> <span class='ocrx_word' id='word_1_104' title='bbox 699 902 707 916; x_wconf 91' lang='lat'>,</span> <span class='ocrx_word' id='word_1_105' title='bbox 742 889 840 928; x_wconf 88' lang='lat' dir='ltr'>quae</span> <span class='ocrx_word' id='word_1_106' title='bbox 856 876 1016 929; x_wconf 86' lang='lat' dir='ltr'>quidem</span> <span class='ocrx_word' id='word_1_107' title='bbox 1033 876 1229 931; x_wconf 89' lang='lat' dir='ltr'>hucusque</span> <span class='ocrx_word' id='word_1_108' title='bbox 1252 893 1394 918; x_wconf 85' lang='lat' dir='ltr'>manca</span> <span class='ocrx_word' id='word_1_109' title='bbox 1424 878 1640 919; x_wconf 82' lang='lat' dir='ltr'>admodum</span> <span class='ocrx_word' id='word_1_110' title='bbox 1659 877 1732 918; x_wconf 87' lang='lat' dir='ltr'>fuit</span> <span class='ocrx_word' id='word_1_111' title='bbox 1749 909 1758 923; x_wconf 92' lang='lat'><em>,</em></span> <span class='ocrx_word' id='word_1_112' title='bbox 1788 880 1831 918; x_wconf 70' lang='grc' dir='ltr'>δε</span> <span class='ocrx_word' id='word_1_113' title='bbox 1846 881 1967 918; x_wconf 87' lang='lat' dir='ltr'>muti-</span> 
     </span>
     <span class='ocr_line' id='line_1_13' title="bbox 526 929 1965 989; baseline 0.004 -20"><span class='ocrx_word' id='word_1_114' title='bbox 526 929 565 969; x_wconf 89' lang='lat' dir='ltr'>la</span> <span class='ocrx_word' id='word_1_115' title='bbox 583 958 592 972; x_wconf 85' lang='lat'>‚</span> <span class='ocrx_word' id='word_1_116' title='bbox 623 942 666 970; x_wconf 83' lang='lat' dir='ltr'>ut</span> <span class='ocrx_word' id='word_1_117' title='bbox 683 932 925 972; x_wconf 78' lang='lat' dir='ltr'>videbimus.</span> <span class='ocrx_word' id='word_1_118' title='bbox 959 935 1040 974; x_wconf 91' lang='lat' dir='ltr'>Mei</span> <span class='ocrx_word' id='word_1_119' title='bbox 1059 932 1213 976; x_wconf 81' lang='lat' dir='ltr'>fortaffe</span> <span class='ocrx_word' id='word_1_120' title='bbox 1242 949 1321 975; x_wconf 84' lang='lat' dir='ltr'>non</span> <span class='ocrx_word' id='word_1_121' title='bbox 1348 946 1455 978; x_wconf 82' lang='lat' dir='ltr'>erat,</span> <span class='ocrx_word' id='word_1_122' title='bbox 1481 949 1604 988; x_wconf 88' lang='lat' dir='ltr'>neque</span> <span class='ocrx_word' id='word_1_123' title='bbox 1629 935 1786 974; x_wconf 83' lang='lat' dir='ltr'>alterius</span> <span class='ocrx_word' id='word_1_124' title='bbox 1815 936 1965 989; x_wconf 85' lang='lat' dir='ltr'>privati</span> 
     </span>
     <span class='ocr_line' id='line_1_14' title="bbox 526 986 1967 1046; baseline 0.004 -20"><span class='ocrx_word' id='word_1_125' title='bbox 526 986 696 1027; x_wconf 86' lang='lat' dir='ltr'>hominis</span> <span class='ocrx_word' id='word_1_126' title='bbox 714 1003 795 1028; x_wconf 85' lang='lat' dir='ltr'>rem</span> <span class='ocrx_word' id='word_1_127' title='bbox 813 1001 964 1031; x_wconf 82' lang='lat' dir='ltr'>tantam</span> <span class='ocrx_word' id='word_1_128' title='bbox 982 991 1141 1045; x_wconf 79' lang='lat' dir='ltr'>aggredi</span> <span class='ocrx_word' id='word_1_129' title='bbox 1158 1019 1168 1033; x_wconf 92' lang='lat'>‚</span> <span class='ocrx_word' id='word_1_130' title='bbox 1198 990 1259 1032; x_wconf 86' lang='lat' dir='ltr'>sed</span> <span class='ocrx_word' id='word_1_131' title='bbox 1278 991 1493 1032; x_wconf 90' lang='lat' dir='ltr'>multorum</span> <span class='ocrx_word' id='word_1_132' title='bbox 1513 1020 1521 1033; x_wconf 88' lang='lat'>‚</span> <span class='ocrx_word' id='word_1_133' title='bbox 1558 1003 1677 1046; x_wconf 89' lang='lat' dir='ltr'>atque</span> <span class='ocrx_word' id='word_1_134' title='bbox 1694 992 1855 1043; x_wconf 88' lang='lat' dir='ltr'>alicujus</span> <span class='ocrx_word' id='word_1_135' title='bbox 1885 1006 1967 1032; x_wconf 87' lang='lat' dir='ltr'>ma·-</span> 
     </span>
     <span class='ocr_line' id='line_1_15' title="bbox 526 1045 1967 1101; baseline 0.004 -19"><span class='ocrx_word' id='word_1_136' title='bbox 526 1045 593 1098; x_wconf 88' lang='lat' dir='ltr'>gni</span> <span class='ocrx_word' id='word_1_137' title='bbox 612 1045 805 1100; x_wconf 91' lang='lat' dir='ltr'>Principis</span> <span class='ocrx_word' id='word_1_138' title='bbox 822 1047 970 1088; x_wconf 85' lang='lat' dir='ltr'>auxilio</span> <span class='ocrx_word' id='word_1_139' title='bbox 986 1049 1187 1101; x_wconf 85' lang='lat' dir='ltr'>indigebat</span> <span class='ocrx_word' id='word_1_140' title='bbox 1205 1076 1212 1083; x_wconf 89' lang='lat'>-</span> <span class='ocrx_word' id='word_1_141' title='bbox 1232 1049 1462 1089; x_wconf 88' lang='lat' dir='ltr'>Academici</span> <span class='ocrx_word' id='word_1_142' title='bbox 1478 1048 1583 1089; x_wconf 79' lang='lat' dir='ltr'>Galli</span> <span class='ocrx_word' id='word_1_143' title='bbox 1604 1049 1763 1101; x_wconf 85' lang='lat' dir='ltr'>quidem</span> <span class='ocrx_word' id='word_1_144' title='bbox 1781 1063 1866 1088; x_wconf 83' lang='lat' dir='ltr'>eam</span> <span class='ocrx_word' id='word_1_145' title='bbox 1883 1063 1967 1088; x_wconf 87' lang='lat' dir='ltr'>rem</span> 
     </span>
     <span class='ocr_line' id='line_1_16' title="bbox 530 1103 1969 1159; baseline 0.003 -21"><span class='ocrx_word' id='word_1_146' title='bbox 530 1115 616 1139; x_wconf 81' lang='lat' dir='ltr'>aere</span> <span class='ocrx_word' id='word_1_147' title='bbox 634 1103 796 1154; x_wconf 87' lang='lat' dir='ltr'>publico</span> <span class='ocrx_word' id='word_1_148' title='bbox 823 1105 861 1142; x_wconf 91' lang='lat' dir='ltr'>in</span> <span class='ocrx_word' id='word_1_149' title='bbox 878 1104 1070 1156; x_wconf 78' lang='lat' dir='ltr'>aliquibus</span> <span class='ocrx_word' id='word_1_150' title='bbox 1096 1106 1288 1159; x_wconf 88' lang='lat' dir='ltr'>portubus</span> <span class='ocrx_word' id='word_1_151' title='bbox 1304 1107 1455 1144; x_wconf 86' lang='lat' dir='ltr'>Oceani</span> <span class='ocrx_word' id='word_1_152' title='bbox 1489 1114 1720 1147; x_wconf 79' lang='lat' dir='ltr'>tentarunt3</span> <span class='ocrx_word' id='word_1_153' title='bbox 1750 1106 1897 1143; x_wconf 88' lang='lat' dir='ltr'>Verum</span> <span class='ocrx_word' id='word_1_154' title='bbox 1928 1104 1969 1142; x_wconf 86' lang='lat' dir='ltr'>hi</span> 
     </span>
     <span class='ocr_line' id='line_1_17' title="bbox 531 1156 1968 1215; baseline 0.003 -21"><span class='ocrx_word' id='word_1_155' title='bbox 531 1156 823 1209; x_wconf 82' lang='lat' dir='ltr'>conquifierunt</span> <span class='ocrx_word' id='word_1_156' title='bbox 841 1159 1085 1213; x_wconf 83' lang='lat' dir='ltr'>potissimum</span> <span class='ocrx_word' id='word_1_157' title='bbox 1101 1176 1177 1215; x_wconf 84' lang='lat' dir='ltr'>qua</span> <span class='ocrx_word' id='word_1_158' title='bbox 1194 1161 1294 1202; x_wconf 88' lang='lat' dir='ltr'>hora</span> <span class='ocrx_word' id='word_1_159' title='bbox 1323 1159 1597 1202; x_wconf 86' lang='lat' dir='ltr'>intumesceret</span> <span class='ocrx_word' id='word_1_160' title='bbox 1625 1174 1733 1201; x_wconf 86' lang='lat' dir='ltr'>mare</span> <span class='ocrx_word' id='word_1_161' title='bbox 1763 1160 1801 1199; x_wconf 90' lang='lat' dir='ltr'>in</span> <span class='ocrx_word' id='word_1_162' title='bbox 1816 1158 1968 1214; x_wconf 83' lang='lat' dir='ltr'>fingulis</span> 
     </span>
     <span class='ocr_line' id='line_1_18' title="bbox 532 1214 1969 1270; baseline 0.003 -19"><span class='ocrx_word' id='word_1_163' title='bbox 532 1214 738 1266; x_wconf 79' lang='lat' dir='ltr'>portubus,</span> <span class='ocrx_word' id='word_1_164' title='bbox 758 1226 875 1267; x_wconf 85' lang='lat' dir='ltr'>atque</span> <span class='ocrx_word' id='word_1_165' title='bbox 893 1216 1156 1270; x_wconf 83' lang='lat' dir='ltr'>ephemerides</span> <span class='ocrx_word' id='word_1_166' title='bbox 1172 1217 1357 1270; x_wconf 83' lang='lat' dir='ltr'>quasdam</span> <span class='ocrx_word' id='word_1_167' title='bbox 1382 1217 1651 1257; x_wconf 78' lang='lat' dir='ltr'>confecerunt,</span> <span class='ocrx_word' id='word_1_168' title='bbox 1667 1217 1804 1270; x_wconf 90' lang='lat' dir='ltr'>quibus</span> <span class='ocrx_word' id='word_1_169' title='bbox 1827 1228 1969 1256; x_wconf 82' lang='lat' dir='ltr'>nautae</span> 
     </span>
     <span class='ocr_line' id='line_1_19' title="bbox 487 1268 1969 1327; baseline 0.005 -20"><span class='ocrx_word' id='word_1_170' title='bbox 487 1299 491 1306; x_wconf 87' lang='lat'><em>.</em></span> <span class='ocrx_word' id='word_1_171' title='bbox 529 1268 634 1308; x_wconf 82' lang='lat' dir='ltr'>statis</span> <span class='ocrx_word' id='word_1_172' title='bbox 666 1268 911 1325; x_wconf 85' lang='lat' dir='ltr'>temporibus</span> <span class='ocrx_word' id='word_1_173' title='bbox 930 1271 1022 1312; x_wconf 82' lang='lat' dir='ltr'>scire</span> <span class='ocrx_word' id='word_1_174' title='bbox 1047 1273 1199 1327; x_wconf 73' lang='lat' dir='ltr'>possent</span> <span class='ocrx_word' id='word_1_175' title='bbox 1217 1287 1307 1313; x_wconf 90' lang='lat' dir='ltr'>cum</span> <span class='ocrx_word' id='word_1_176' title='bbox 1334 1273 1493 1312; x_wconf 85' lang='lat' dir='ltr'>navibus</span> <span class='ocrx_word' id='word_1_177' title='bbox 1510 1271 1581 1311; x_wconf 88' lang='lat' dir='ltr'>suis</span> <span class='ocrx_word' id='word_1_178' title='bbox 1604 1283 1740 1325; x_wconf 85' lang='lat' dir='ltr'>portus</span> <span class='ocrx_word' id='word_1_179' title='bbox 1757 1273 1843 1312; x_wconf 89' lang='lat' dir='ltr'>illos</span> <span class='ocrx_word' id='word_1_180' title='bbox 1860 1287 1969 1314; x_wconf 91' lang='lat' dir='ltr'>com-</span> 
     </span>
     <span class='ocr_line' id='line_1_20' title="bbox 81 1313 1970 1393; baseline 0 -23"><span class='ocrx_word' id='word_1_181' title='bbox 81 1321 146 1370; x_wconf 56' lang='grc' dir='ltr'>λ·</span> <span class='ocrx_word' id='word_1_182' title='bbox 166 1325 257 1391; x_wconf 57' lang='lat' dir='ltr'>:4ssst</span> <span class='ocrx_word' id='word_1_183' title='bbox 270 1335 374 1393; x_wconf 58' lang='lat' dir='ltr'>-Vy&#39;v</span> <span class='ocrx_word' id='word_1_184' title='bbox 395 1346 409 1363; x_wconf 71' lang='lat' dir='ltr'><em>n</em></span> <span class='ocrx_word' id='word_1_185' title='bbox 424 1323 638 1366; x_wconf 47' lang='lat' dir='ltr'>QUVmode</span> <span class='ocrx_word' id='word_1_186' title='bbox 653 1328 941 1381; x_wconf 75' lang='lat' dir='ltr'>capere.Qare</span> <span class='ocrx_word' id='word_1_187' title='bbox 956 1329 1080 1368; x_wconf 91' lang='lat' dir='ltr'>bonos</span> <span class='ocrx_word' id='word_1_188' title='bbox 1097 1329 1184 1369; x_wconf 86' lang='lat' dir='ltr'>illos</span> <span class='ocrx_word' id='word_1_189' title='bbox 1202 1313 1617 1369; x_wconf 56' lang='lat' dir='ltr'>Acadeniicgs*²(3allos</span> <span class='ocrx_word' id='word_1_190' title='bbox 1635 1340 1801 1384; x_wconf 85' lang='lat' dir='ltr'>apparet</span> <span class='ocrx_word' id='word_1_191' title='bbox 1820 1331 1970 1370; x_wconf 76' lang='lat' dir='ltr'>utilita-</span> 
     </span>
     <span class='ocr_line' id='line_1_21' title="bbox 527 1383 1968 1437; baseline 0.002 -15"><span class='ocrx_word' id='word_1_192' title='bbox 527 1394 607 1423; x_wconf 88' lang='lat' dir='ltr'>tem</span> <span class='ocrx_word' id='word_1_193' title='bbox 624 1383 835 1437; x_wconf 84' lang='lat' dir='ltr'>quamdam</span> <span class='ocrx_word' id='word_1_194' title='bbox 853 1386 1134 1426; x_wconf 87' lang='lat' dir='ltr'>mercatoriam</span> <span class='ocrx_word' id='word_1_195' title='bbox 1151 1398 1242 1426; x_wconf 89' lang='lat' dir='ltr'>ante</span> <span class='ocrx_word' id='word_1_196' title='bbox 1256 1384 1391 1426; x_wconf 87' lang='lat' dir='ltr'>oculos</span> <span class='ocrx_word' id='word_1_197' title='bbox 1408 1384 1577 1425; x_wconf 82' lang='lat' dir='ltr'>habuiffe</span> <span class='ocrx_word' id='word_1_198' title='bbox 1590 1414 1599 1428; x_wconf 91' lang='lat'><em>,</em></span> <span class='ocrx_word' id='word_1_199' title='bbox 1617 1388 1660 1426; x_wconf 67' lang='grc' dir='ltr'>ὃς</span> <span class='ocrx_word' id='word_1_200' title='bbox 1676 1386 1862 1426; x_wconf 87' lang='lat' dir='ltr'>lucellum</span> <span class='ocrx_word' id='word_1_201' title='bbox 1881 1398 1968 1426; x_wconf 80' lang='lat' dir='ltr'>tan-</span> 
     </span>
     <span class='ocr_line' id='line_1_22' title="bbox 524 1439 1966 1498; baseline 0.003 -20"><span class='ocrx_word' id='word_1_202' title='bbox 524 1451 610 1479; x_wconf 88' lang='lat' dir='ltr'>tum</span> <span class='ocrx_word' id='word_1_203' title='bbox 627 1439 693 1479; x_wconf 84' lang='lat' dir='ltr'>fibi</span> <span class='ocrx_word' id='word_1_204' title='bbox 710 1440 961 1495; x_wconf 76' lang='lat' dir='ltr'>proposuisse,</span> <span class='ocrx_word' id='word_1_205' title='bbox 977 1453 1185 1496; x_wconf 83' lang='lat' dir='ltr'>ceteraque</span> <span class='ocrx_word' id='word_1_206' title='bbox 1203 1457 1301 1498; x_wconf 87' lang='lat' dir='ltr'>pene</span> <span class='ocrx_word' id='word_1_207' title='bbox 1318 1441 1521 1495; x_wconf 78' lang='lat' dir='ltr'>neglexisse</span> <span class='ocrx_word' id='word_1_208' title='bbox 1537 1469 1544 1477; x_wconf 84' lang='lat'><strong>·</strong></span> <span class='ocrx_word' id='word_1_209' title='bbox 1570 1443 1641 1482; x_wconf 91' lang='lat' dir='ltr'>Sed</span> <span class='ocrx_word' id='word_1_210' title='bbox 1659 1445 1783 1494; x_wconf 86' lang='lat' dir='ltr'>majus</span> <span class='ocrx_word' id='word_1_211' title='bbox 1803 1441 1966 1496; x_wconf 87' lang='lat' dir='ltr'>aliquod</span> 
     </span>
     <span class='ocr_line' id='line_1_23' title="bbox 524 1496 1966 1553; baseline 0.001 -18"><span class='ocrx_word' id='word_1_212' title='bbox 524 1498 562 1535; x_wconf 83' lang='lat' dir='ltr'>in</span> <span class='ocrx_word' id='word_1_213' title='bbox 580 1497 652 1536; x_wconf 85' lang='lat' dir='ltr'>hac</span> <span class='ocrx_word' id='word_1_214' title='bbox 672 1512 713 1537; x_wconf 85' lang='lat' dir='ltr'>re</span> <span class='ocrx_word' id='word_1_215' title='bbox 727 1496 780 1536; x_wconf 87' lang='lat' dir='ltr'>est</span> <span class='ocrx_word' id='word_1_216' title='bbox 796 1525 804 1540; x_wconf 86' lang='lat'><em>,</em></span> <span class='ocrx_word' id='word_1_217' title='bbox 822 1499 931 1552; x_wconf 90' lang='lat' dir='ltr'>quod</span> <span class='ocrx_word' id='word_1_218' title='bbox 947 1497 1014 1538; x_wconf 83' lang='lat' dir='ltr'>fibi</span> <span class='ocrx_word' id='word_1_219' title='bbox 1033 1498 1385 1553; x_wconf 86' lang='lat' dir='ltr'>contemplandum</span> <span class='ocrx_word' id='word_1_220' title='bbox 1404 1508 1633 1553; x_wconf 88' lang='lat' dir='ltr'>proponant</span> <span class='ocrx_word' id='word_1_221' title='bbox 1648 1496 1799 1552; x_wconf 85' lang='lat' dir='ltr'>Phyfici</span> <span class='ocrx_word' id='word_1_222' title='bbox 1815 1525 1825 1540; x_wconf 85' lang='lat'><strong><em>,</em></strong></span> <span class='ocrx_word' id='word_1_223' title='bbox 1847 1511 1966 1551; x_wconf 84' lang='lat' dir='ltr'>quam</span> 
     </span>
     <span class='ocr_line' id='line_1_24' title="bbox 525 1551 1965 1609; baseline 0 -17"><span class='ocrx_word' id='word_1_224' title='bbox 525 1551 707 1607; x_wconf 83' lang='lat' dir='ltr'>ingressus</span> <span class='ocrx_word' id='word_1_225' title='bbox 726 1555 883 1593; x_wconf 82' lang='lat' dir='ltr'>navium</span> <span class='ocrx_word' id='word_1_226' title='bbox 915 1556 951 1593; x_wconf 87' lang='lat' dir='ltr'>in</span> <span class='ocrx_word' id='word_1_227' title='bbox 972 1566 1111 1608; x_wconf 85' lang='lat' dir='ltr'>portus</span> <span class='ocrx_word' id='word_1_228' title='bbox 1128 1586 1138 1601; x_wconf 96' lang='lat'>‚</span> <span class='ocrx_word' id='word_1_229' title='bbox 1162 1557 1315 1609; x_wconf 87' lang='lat' dir='ltr'>vileque</span> <span class='ocrx_word' id='word_1_230' title='bbox 1345 1554 1617 1594; x_wconf 84' lang='lat' dir='ltr'>raudusculum</span> <span class='ocrx_word' id='word_1_231' title='bbox 1637 1585 1644 1592; x_wconf 94' lang='lat'>.</span> <span class='ocrx_word' id='word_1_232' title='bbox 1675 1555 1830 1607; x_wconf 79' lang='lat' dir='ltr'>Qibus</span> <span class='ocrx_word' id='word_1_233' title='bbox 1860 1556 1965 1593; x_wconf 90' lang='lat' dir='ltr'>enim</span> 
     </span>
     <span class='ocr_line' id='line_1_25' title="bbox 528 1610 1968 1665; baseline 0.001 -17"><span class='ocrx_word' id='word_1_234' title='bbox 528 1611 653 1649; x_wconf 88' lang='lat' dir='ltr'>modis</span> <span class='ocrx_word' id='word_1_235' title='bbox 683 1610 727 1648; x_wconf 63' lang='grc' dir='ltr'>ὅ(</span> <span class='ocrx_word' id='word_1_236' title='bbox 751 1624 829 1663; x_wconf 81' lang='lat' dir='ltr'>qua</span> <span class='ocrx_word' id='word_1_237' title='bbox 861 1612 1014 1650; x_wconf 83' lang='lat' dir='ltr'>ratione</span> <span class='ocrx_word' id='word_1_238' title='bbox 1047 1622 1191 1651; x_wconf 86' lang='lat' dir='ltr'>terram</span> <span class='ocrx_word' id='word_1_239' title='bbox 1208 1613 1363 1664; x_wconf 83' lang='lat' dir='ltr'>quatiat</span> <span class='ocrx_word' id='word_1_240' title='bbox 1379 1614 1587 1665; x_wconf 90' lang='lat' dir='ltr'>Neptunus</span> <span class='ocrx_word' id='word_1_241' title='bbox 1604 1639 1614 1654; x_wconf 88' lang='lat'><strong>,</strong></span> <span class='ocrx_word' id='word_1_242' title='bbox 1647 1624 1808 1664; x_wconf 84' lang='lat' dir='ltr'>eamque</span> <span class='ocrx_word' id='word_1_243' title='bbox 1836 1612 1968 1650; x_wconf 88' lang='lat' dir='ltr'>conti-</span> 
     </span>
     <span class='ocr_line' id='line_1_26' title="bbox 528 1665 1968 1720; baseline 0.001 -16"><span class='ocrx_word' id='word_1_244' title='bbox 528 1677 619 1705; x_wconf 89' lang='lat' dir='ltr'>neat</span> <span class='ocrx_word' id='word_1_245' title='bbox 636 1696 645 1709; x_wconf 89' lang='lat'>,</span> <span class='ocrx_word' id='word_1_246' title='bbox 675 1678 721 1705; x_wconf 91' lang='lat' dir='ltr'>ut</span> <span class='ocrx_word' id='word_1_247' title='bbox 747 1668 803 1705; x_wconf 87' lang='lat' dir='ltr'>ait</span> <span class='ocrx_word' id='word_1_248' title='bbox 819 1668 1014 1706; x_wconf 86' lang='lat' dir='ltr'>Homerus</span> <span class='ocrx_word' id='word_1_249' title='bbox 1032 1698 1042 1712; x_wconf 89' lang='lat'><em>,</em></span> <span class='ocrx_word' id='word_1_250' title='bbox 1068 1669 1345 1720; x_wconf 87' lang='lat' dir='ltr'>inquirendum</span> <span class='ocrx_word' id='word_1_251' title='bbox 1364 1694 1374 1709; x_wconf 83' lang='lat'><em>‚</em></span> <span class='ocrx_word' id='word_1_252' title='bbox 1406 1667 1524 1720; x_wconf 86' lang='lat' dir='ltr'>idque</span> <span class='ocrx_word' id='word_1_253' title='bbox 1554 1668 1681 1707; x_wconf 89' lang='lat' dir='ltr'>modis</span> <span class='ocrx_word' id='word_1_254' title='bbox 1705 1668 1810 1708; x_wconf 87' lang='lat' dir='ltr'>miris</span> <span class='ocrx_word' id='word_1_255' title='bbox 1838 1665 1968 1707; x_wconf 85' lang='lat' dir='ltr'>variis-</span> 
     </span>
     <span class='ocr_line' id='line_1_27' title="bbox 524 1719 1967 1777; baseline 0.001 -17"><span class='ocrx_word' id='word_1_256' title='bbox 524 1735 598 1774; x_wconf 90' lang='lat' dir='ltr'>que</span> <span class='ocrx_word' id='word_1_257' title='bbox 615 1719 699 1762; x_wconf 83' lang='lat' dir='ltr'>fieri</span> <span class='ocrx_word' id='word_1_258' title='bbox 717 1722 823 1776; x_wconf 80' lang='lat' dir='ltr'>posse</span> <span class='ocrx_word' id='word_1_259' title='bbox 839 1723 1057 1763; x_wconf 86' lang='lat' dir='ltr'>videbimus</span> <span class='ocrx_word' id='word_1_260' title='bbox 1076 1755 1083 1762; x_wconf 95' lang='lat'><em>.</em></span> <span class='ocrx_word' id='word_1_261' title='bbox 1115 1723 1251 1777; x_wconf 79' lang='lat' dir='ltr'>Qare</span> <span class='ocrx_word' id='word_1_262' title='bbox 1268 1736 1452 1776; x_wconf 86' lang='lat' dir='ltr'>rogamus</span> <span class='ocrx_word' id='word_1_263' title='bbox 1469 1722 1604 1762; x_wconf 87' lang='lat' dir='ltr'>Gallos</span> <span class='ocrx_word' id='word_1_264' title='bbox 1620 1751 1630 1766; x_wconf 93' lang='lat'>,</span> <span class='ocrx_word' id='word_1_265' title='bbox 1656 1734 1701 1762; x_wconf 89' lang='lat' dir='ltr'>ut</span> <span class='ocrx_word' id='word_1_266' title='bbox 1717 1725 1863 1762; x_wconf 88' lang='lat' dir='ltr'>iterum</span> <span class='ocrx_word' id='word_1_267' title='bbox 1887 1721 1967 1762; x_wconf 85' lang='lat' dir='ltr'>suas</span> 
     </span>
     <span class='ocr_line' id='line_1_28' title="bbox 524 1776 1967 1832; baseline 0 -14"><span class='ocrx_word' id='word_1_268' title='bbox 524 1776 819 1819; x_wconf 85' lang='lat' dir='ltr'>observationes</span> <span class='ocrx_word' id='word_1_269' title='bbox 839 1782 1059 1819; x_wconf 84' lang='lat' dir='ltr'>accuratius</span> <span class='ocrx_word' id='word_1_270' title='bbox 1090 1791 1274 1832; x_wconf 87' lang='lat' dir='ltr'>repetant</span> <span class='ocrx_word' id='word_1_271' title='bbox 1290 1807 1300 1820; x_wconf 92' lang='lat'><em>‚</em></span> <span class='ocrx_word' id='word_1_272' title='bbox 1333 1793 1516 1831; x_wconf 85' lang='lat' dir='ltr'>rogamus</span> <span class='ocrx_word' id='word_1_273' title='bbox 1535 1780 1740 1819; x_wconf 85' lang='lat' dir='ltr'>Britannos</span> <span class='ocrx_word' id='word_1_274' title='bbox 1759 1810 1769 1824; x_wconf 83' lang='lat'>‚</span> <span class='ocrx_word' id='word_1_275' title='bbox 1787 1778 1967 1819; x_wconf 84' lang='lat' dir='ltr'>Batavos-</span> 
     </span>
     <span class='ocr_line' id='line_1_29' title="bbox 525 1833 1969 1889; baseline 0.001 -15"><span class='ocrx_word' id='word_1_276' title='bbox 525 1848 600 1888; x_wconf 89' lang='lat' dir='ltr'>que</span> <span class='ocrx_word' id='word_1_277' title='bbox 616 1862 628 1878; x_wconf 90' lang='lat'>,</span> <span class='ocrx_word' id='word_1_278' title='bbox 659 1836 728 1887; x_wconf 91' lang='lat' dir='ltr'>qui</span> <span class='ocrx_word' id='word_1_279' title='bbox 744 1835 862 1874; x_wconf 84' lang='lat' dir='ltr'>hodie</span> <span class='ocrx_word' id='word_1_280' title='bbox 880 1845 1047 1889; x_wconf 86' lang='lat' dir='ltr'>propter</span> <span class='ocrx_word' id='word_1_281' title='bbox 1064 1837 1188 1874; x_wconf 84' lang='lat' dir='ltr'>varias</span> <span class='ocrx_word' id='word_1_282' title='bbox 1205 1834 1379 1873; x_wconf 86' lang='lat' dir='ltr'>colonias</span> <span class='ocrx_word' id='word_1_283' title='bbox 1398 1835 1436 1872; x_wconf 89' lang='lat' dir='ltr'>in</span> <span class='ocrx_word' id='word_1_284' title='bbox 1456 1833 1569 1872; x_wconf 88' lang='lat' dir='ltr'>India</span> <span class='ocrx_word' id='word_1_285' title='bbox 1583 1862 1593 1874; x_wconf 86' lang='lat'>‚</span> <span class='ocrx_word' id='word_1_286' title='bbox 1613 1834 1747 1873; x_wconf 80' lang='lat' dir='ltr'>Africa</span> <span class='ocrx_word' id='word_1_287' title='bbox 1764 1864 1773 1877; x_wconf 90' lang='lat'><em>‚</em></span> <span class='ocrx_word' id='word_1_288' title='bbox 1791 1836 1833 1873; x_wconf 67' lang='grc' dir='ltr'>ἀ</span> <span class='ocrx_word' id='word_1_289' title='bbox 1849 1839 1969 1876; x_wconf 86' lang='lat' dir='ltr'>Arne-</span> 
     </span>
     <span class='ocr_line' id='line_1_30' title="bbox 523 1889 1962 1945; baseline -0.001 -15"><span class='ocrx_word' id='word_1_290' title='bbox 523 1892 606 1931; x_wconf 82' lang='lat' dir='ltr'>rica</span> <span class='ocrx_word' id='word_1_291' title='bbox 623 1922 634 1936; x_wconf 89' lang='lat'>,</span> <span class='ocrx_word' id='word_1_292' title='bbox 660 1892 702 1930; x_wconf 62' lang='grc' dir='ltr'>ὃς</span> <span class='ocrx_word' id='word_1_293' title='bbox 720 1901 884 1945; x_wconf 89' lang='lat' dir='ltr'>propter</span> <span class='ocrx_word' id='word_1_294' title='bbox 914 1891 970 1930; x_wconf 92' lang='lat' dir='ltr'>rei</span> <span class='ocrx_word' id='word_1_295' title='bbox 1002 1890 1149 1930; x_wconf 82' lang='lat' dir='ltr'>navalis</span> <span class='ocrx_word' id='word_1_296' title='bbox 1179 1889 1450 1930; x_wconf 82' lang='lat' dir='ltr'>excellentiam</span> <span class='ocrx_word' id='word_1_297' title='bbox 1476 1889 1687 1942; x_wconf 88' lang='lat' dir='ltr'>imperium</span> <span class='ocrx_word' id='word_1_298' title='bbox 1719 1891 1835 1928; x_wconf 84' lang='lat' dir='ltr'>maris</span> <span class='ocrx_word' id='word_1_299' title='bbox 1861 1903 1962 1943; x_wconf 85' lang='lat' dir='ltr'>quo·</span> 
     </span>
     <span class='ocr_line' id='line_1_31' title="bbox 524 1945 1991 2001; baseline 0 -14"><span class='ocrx_word' id='word_1_300' title='bbox 524 1946 741 1988; x_wconf 86' lang='lat' dir='ltr'>dammodo</span> <span class='ocrx_word' id='word_1_301' title='bbox 768 1956 899 1987; x_wconf 85' lang='lat' dir='ltr'>tenere</span> <span class='ocrx_word' id='word_1_302' title='bbox 929 1947 1113 1987; x_wconf 85' lang='lat' dir='ltr'>videntur</span> <span class='ocrx_word' id='word_1_303' title='bbox 1130 1977 1140 1992; x_wconf 84' lang='lat'><strong>,</strong></span> <span class='ocrx_word' id='word_1_304' title='bbox 1169 1960 1351 2001; x_wconf 82' lang='lat' dir='ltr'>rogamus</span> <span class='ocrx_word' id='word_1_305' title='bbox 1368 1945 1535 1998; x_wconf 88' lang='lat' dir='ltr'>denique</span> <span class='ocrx_word' id='word_1_306' title='bbox 1551 1946 1743 1985; x_wconf 86' lang='lat' dir='ltr'>Sarmatas</span> <span class='ocrx_word' id='word_1_307' title='bbox 1772 1946 1858 1985; x_wconf 89' lang='lat' dir='ltr'>illos</span> <span class='ocrx_word' id='word_1_308' title='bbox 1894 1945 1965 1987; x_wconf 86' lang='lat' dir='ltr'>Ho-</span> <span class='ocrx_word' id='word_1_309' title='bbox 1988 1988 1991 1993; x_wconf 78' lang='grc'>,</span> 
     </span>
     <span class='ocr_line' id='line_1_32' title="bbox 40 1996 1964 2068; baseline 0 -25"><span class='ocrx_word' id='word_1_310' title='bbox 40 2018 102 2058; x_wconf 73' lang='lat' dir='ltr'>m)</span> <span class='ocrx_word' id='word_1_311' title='bbox 120 2001 321 2068; x_wconf 45' lang='lat' dir='ltr'>Asso-styx·</span> <span class='ocrx_word' id='word_1_312' title='bbox 346 2012 493 2045; x_wconf 38' lang='lat' dir='ltr'>n-,xſsaew</span> <span class='ocrx_word' id='word_1_313' title='bbox 524 1996 866 2057; x_wconf 53' lang='lat' dir='ltr'>rentiffimosssnsqui</span> <span class='ocrx_word' id='word_1_314' title='bbox 895 2003 1018 2044; x_wconf 89' lang='lat' dir='ltr'>modo</span> <span class='ocrx_word' id='word_1_315' title='bbox 1044 2005 1184 2058; x_wconf 86' lang='lat' dir='ltr'>opibus</span> <span class='ocrx_word' id='word_1_316' title='bbox 1203 2031 1212 2046; x_wconf 82' lang='lat'>‚</span> <span class='ocrx_word' id='word_1_317' title='bbox 1246 2004 1361 2043; x_wconf 84' lang='lat' dir='ltr'>armis</span> <span class='ocrx_word' id='word_1_318' title='bbox 1390 2031 1400 2046; x_wconf 90' lang='lat'>,</span> <span class='ocrx_word' id='word_1_319' title='bbox 1429 2003 1567 2042; x_wconf 82' lang='lat' dir='ltr'>litteris</span> <span class='ocrx_word' id='word_1_320' title='bbox 1592 2002 1691 2042; x_wconf 92' lang='lat' dir='ltr'>nulli</span> <span class='ocrx_word' id='word_1_321' title='bbox 1721 2000 1806 2043; x_wconf 86' lang='lat' dir='ltr'>sunt</span> <span class='ocrx_word' id='word_1_322' title='bbox 1835 2000 1964 2043; x_wconf 87' lang='lat' dir='ltr'>secun-</span> 
     </span>
     <span class='ocr_line' id='line_1_33' title="bbox 31 2043 1961 2116; baseline 0.001 -17"><span class='ocrx_word' id='word_1_323' title='bbox 31 2043 43 2067; x_wconf 55' lang='lat'><strong><em>⁶</em></strong></span> <span class='ocrx_word' id='word_1_324' title='bbox 176 2055 179 2062; x_wconf 42' lang='lat'><em>¹</em></span> <span class='ocrx_word' id='word_1_325' title='bbox 224 2063 230 2071; x_wconf 92' lang='grc'>’</span> <span class='ocrx_word' id='word_1_326' title='bbox 525 2062 590 2104; x_wconf 91' lang='lat' dir='ltr'>di,</span> <span class='ocrx_word' id='word_1_327' title='bbox 621 2062 767 2116; x_wconf 89' lang='lat' dir='ltr'>quique</span> <span class='ocrx_word' id='word_1_328' title='bbox 785 2074 862 2100; x_wconf 89' lang='lat' dir='ltr'>non</span> <span class='ocrx_word' id='word_1_329' title='bbox 881 2071 1031 2100; x_wconf 82' lang='lat' dir='ltr'>tanturn</span> <span class='ocrx_word' id='word_1_330' title='bbox 1049 2076 1120 2116; x_wconf 88' lang='lat' dir='ltr'>per</span> <span class='ocrx_word' id='word_1_331' title='bbox 1135 2060 1344 2115; x_wconf 88' lang='lat' dir='ltr'>glacialem</span> <span class='ocrx_word' id='word_1_332' title='bbox 1362 2061 1567 2100; x_wconf 84' lang='lat' dir='ltr'>Oceanum</span> <span class='ocrx_word' id='word_1_333' title='bbox 1584 2087 1593 2102; x_wconf 92' lang='lat'>‚</span> <span class='ocrx_word' id='word_1_334' title='bbox 1612 2069 1655 2099; x_wconf 88' lang='lat' dir='ltr'>ut</span> <span class='ocrx_word' id='word_1_335' title='bbox 1669 2058 1767 2099; x_wconf 87' lang='lat' dir='ltr'>olim</span> <span class='ocrx_word' id='word_1_336' title='bbox 1784 2089 1794 2104; x_wconf 91' lang='lat'>‚</span> <span class='ocrx_word' id='word_1_337' title='bbox 1810 2057 1872 2100; x_wconf 86' lang='lat' dir='ltr'>sed</span> <span class='ocrx_word' id='word_1_338' title='bbox 1889 2072 1961 2113; x_wconf 86' lang='lat' dir='ltr'>per</span> 
     </span>
     <span class='ocr_line' id='line_1_34' title="bbox 525 2113 1960 2172; baseline -0.001 -14"><span class='ocrx_word' id='word_1_339' title='bbox 525 2119 757 2172; x_wconf 87' lang='lat' dir='ltr'>Hyrcanum</span> <span class='ocrx_word' id='word_1_340' title='bbox 775 2145 784 2159; x_wconf 85' lang='lat'>‚</span> <span class='ocrx_word' id='word_1_341' title='bbox 818 2132 885 2172; x_wconf 89' lang='lat' dir='ltr'>per</span> <span class='ocrx_word' id='word_1_342' title='bbox 917 2117 1109 2158; x_wconf 83' lang='lat' dir='ltr'>Balticum</span> <span class='ocrx_word' id='word_1_343' title='bbox 1128 2149 1138 2163; x_wconf 94' lang='lat'><strong><em>,</em></strong></span> <span class='ocrx_word' id='word_1_344' title='bbox 1170 2132 1239 2172; x_wconf 88' lang='lat' dir='ltr'>per</span> <span class='ocrx_word' id='word_1_345' title='bbox 1267 2118 1414 2158; x_wconf 91' lang='lat' dir='ltr'>Album</span> <span class='ocrx_word' id='word_1_346' title='bbox 1433 2145 1442 2160; x_wconf 90' lang='lat'>‚</span> <span class='ocrx_word' id='word_1_347' title='bbox 1472 2130 1540 2170; x_wconf 88' lang='lat' dir='ltr'>per</span> <span class='ocrx_word' id='word_1_348' title='bbox 1567 2117 1737 2170; x_wconf 85' lang='lat' dir='ltr'>Nigrum</span> <span class='ocrx_word' id='word_1_349' title='bbox 1754 2144 1764 2158; x_wconf 92' lang='lat'><em>,</em></span> <span class='ocrx_word' id='word_1_350' title='bbox 1797 2113 1858 2155; x_wconf 89' lang='lat' dir='ltr'>seu</span> <span class='ocrx_word' id='word_1_351' title='bbox 1889 2130 1960 2170; x_wconf 84' lang='lat' dir='ltr'>per</span> 
     </span>
     <span class='ocr_line' id='line_1_35' title="bbox 526 2174 1962 2229; baseline 0 -16"><span class='ocrx_word' id='word_1_352' title='bbox 526 2175 721 2214; x_wconf 84' lang='lat' dir='ltr'>Euxinum</span> <span class='ocrx_word' id='word_1_353' title='bbox 738 2202 748 2216; x_wconf 92' lang='lat'>‚</span> <span class='ocrx_word' id='word_1_354' title='bbox 775 2176 1097 2229; x_wconf 80' lang='lat' dir='ltr'>Maeotidemque</span> <span class='ocrx_word' id='word_1_355' title='bbox 1125 2174 1312 2216; x_wconf 83' lang='lat' dir='ltr'>Paludem</span> <span class='ocrx_word' id='word_1_356' title='bbox 1340 2174 1458 2229; x_wconf 89' lang='lat' dir='ltr'>longe</span> <span class='ocrx_word' id='word_1_357' title='bbox 1478 2174 1633 2227; x_wconf 79' lang='lat' dir='ltr'>lateque</span> <span class='ocrx_word' id='word_1_358' title='bbox 1664 2175 1885 2227; x_wconf 85' lang='lat' dir='ltr'>imperant,</span> <span class='ocrx_word' id='word_1_359' title='bbox 1918 2184 1962 2213; x_wconf 86' lang='lat' dir='ltr'>ut</span> 
     </span>
     <span class='ocr_line' id='line_1_36' title="bbox 528 2227 1965 2285; baseline 0 -15"><span class='ocrx_word' id='word_1_360' title='bbox 528 2230 744 2285; x_wconf 76' lang='lat' dir='ltr'>symbolam</span> <span class='ocrx_word' id='word_1_361' title='bbox 762 2230 865 2272; x_wconf 78' lang='lat' dir='ltr'>suam</span> <span class='ocrx_word' id='word_1_362' title='bbox 884 2232 956 2272; x_wconf 86' lang='lat' dir='ltr'>hac</span> <span class='ocrx_word' id='word_1_363' title='bbox 974 2234 1014 2272; x_wconf 86' lang='lat' dir='ltr'>in</span> <span class='ocrx_word' id='word_1_364' title='bbox 1030 2248 1070 2274; x_wconf 90' lang='lat' dir='ltr'>re</span> <span class='ocrx_word' id='word_1_365' title='bbox 1087 2232 1294 2273; x_wconf 86' lang='lat' dir='ltr'>conferant</span> <span class='ocrx_word' id='word_1_366' title='bbox 1310 2260 1320 2275; x_wconf 89' lang='lat'><em>‚</em></span> <span class='ocrx_word' id='word_1_367' title='bbox 1351 2244 1468 2285; x_wconf 86' lang='lat' dir='ltr'>atque</span> <span class='ocrx_word' id='word_1_368' title='bbox 1498 2244 1566 2285; x_wconf 90' lang='lat' dir='ltr'>per</span> <span class='ocrx_word' id='word_1_369' title='bbox 1582 2229 1755 2271; x_wconf 72' lang='lat' dir='ltr'>universa</span> <span class='ocrx_word' id='word_1_370' title='bbox 1788 2231 1907 2269; x_wconf 76' lang='lat' dir='ltr'>maria</span> <span class='ocrx_word' id='word_1_371' title='bbox 1925 2227 1965 2270; x_wconf 83' lang='lat' dir='ltr'>si-</span> 
     </span>
     <span class='ocr_line' id='line_1_37' title="bbox 527 2286 1964 2341; baseline -0.001 -15"><span class='ocrx_word' id='word_1_372' title='bbox 527 2287 672 2341; x_wconf 89' lang='lat' dir='ltr'>nusque</span> <span class='ocrx_word' id='word_1_373' title='bbox 689 2286 772 2327; x_wconf 88' lang='lat' dir='ltr'>suos</span> <span class='ocrx_word' id='word_1_374' title='bbox 803 2289 979 2329; x_wconf 82' lang='lat' dir='ltr'>eruditos</span> <span class='ocrx_word' id='word_1_375' title='bbox 1010 2289 1196 2335; x_wconf 76' lang='lat' dir='ltr'>homines¹</span> <span class='ocrx_word' id='word_1_376' title='bbox 1216 2291 1380 2330; x_wconf 89' lang='lat' dir='ltr'>mittant</span> <span class='ocrx_word' id='word_1_377' title='bbox 1395 2319 1405 2334; x_wconf 96' lang='lat'>,</span> <span class='ocrx_word' id='word_1_378' title='bbox 1434 2288 1501 2341; x_wconf 84' lang='lat' dir='ltr'>qui</span> <span class='ocrx_word' id='word_1_379' title='bbox 1517 2287 1644 2327; x_wconf 85' lang='lat' dir='ltr'>varios</span> <span class='ocrx_word' id='word_1_380' title='bbox 1661 2286 1779 2327; x_wconf 84' lang='lat' dir='ltr'>aestus</span> <span class='ocrx_word' id='word_1_381' title='bbox 1810 2300 1964 2341; x_wconf 85' lang='lat' dir='ltr'>cogno-</span> 
     </span>
     <span class='ocr_line' id='line_1_38' title="bbox 525 2340 1966 2400; baseline -0.001 -17"><span class='ocrx_word' id='word_1_382' title='bbox 525 2342 630 2385; x_wconf 83' lang='lat' dir='ltr'>scant</span> <span class='ocrx_word' id='word_1_383' title='bbox 649 2373 658 2387; x_wconf 89' lang='lat'><strong>,</strong></span> <span class='ocrx_word' id='word_1_384' title='bbox 689 2344 876 2398; x_wconf 86' lang='lat' dir='ltr'>nobisque</span> <span class='ocrx_word' id='word_1_385' title='bbox 909 2345 1080 2387; x_wconf 82' lang='lat' dir='ltr'>referant</span> <span class='ocrx_word' id='word_1_386' title='bbox 1098 2375 1104 2382; x_wconf 96' lang='lat'>.</span> <span class='ocrx_word' id='word_1_387' title='bbox 1138 2346 1228 2386; x_wconf 88' lang='lat' dir='ltr'>Hoc</span> <span class='ocrx_word' id='word_1_388' title='bbox 1249 2348 1354 2386; x_wconf 86' lang='lat' dir='ltr'>enirn</span> <span class='ocrx_word' id='word_1_389' title='bbox 1371 2346 1582 2400; x_wconf 87' lang='lat' dir='ltr'>quicquam</span> <span class='ocrx_word' id='word_1_390' title='bbox 1613 2344 1852 2399; x_wconf 83' lang='lat' dir='ltr'>praeclarius</span> <span class='ocrx_word' id='word_1_391' title='bbox 1880 2340 1966 2382; x_wconf 85' lang='lat' dir='ltr'>fieri</span> 
     </span>
     <span class='ocr_line' id='line_1_39' title="bbox 526 2400 1964 2458; baseline -0.001 -18"><span class='ocrx_word' id='word_1_392' title='bbox 526 2401 631 2456; x_wconf 73' lang='lat' dir='ltr'>posse</span> <span class='ocrx_word' id='word_1_393' title='bbox 661 2405 701 2441; x_wconf 89' lang='lat' dir='ltr'>in</span> <span class='ocrx_word' id='word_1_394' title='bbox 724 2401 882 2458; x_wconf 75' lang='lat' dir='ltr'>Physica</span> <span class='ocrx_word' id='word_1_395' title='bbox 912 2418 1029 2444; x_wconf 91' lang='lat' dir='ltr'>nemo</span> <span class='ocrx_word' id='word_1_396' title='bbox 1059 2405 1216 2458; x_wconf 87' lang='lat' dir='ltr'>negabit</span> <span class='ocrx_word' id='word_1_397' title='bbox 1234 2433 1241 2440; x_wconf 88' lang='lat'><strong><em>.</em></strong></span> <span class='ocrx_word' id='word_1_398' title='bbox 1275 2404 1412 2457; x_wconf 77' lang='lat' dir='ltr'>Qum</span> <span class='ocrx_word' id='word_1_399' title='bbox 1440 2402 1550 2441; x_wconf 88' lang='lat' dir='ltr'>omni</span> <span class='ocrx_word' id='word_1_400' title='bbox 1580 2416 1677 2441; x_wconf 88' lang='lat' dir='ltr'>aevo</span> <span class='ocrx_word' id='word_1_401' title='bbox 1709 2400 1829 2441; x_wconf 81' lang='lat' dir='ltr'>aestus</span> <span class='ocrx_word' id='word_1_402' title='bbox 1847 2400 1964 2440; x_wconf 85' lang='lat' dir='ltr'>mari-</span> 
     </span>
    </p>
   </div>
   <div class='ocr_carea' id='block_1_3' title="bbox 528 2459 1966 2565">
    <p class='ocr_par' dir='ltr' id='par_1_3' title="bbox 528 2459 1966 2565">
     <span class='ocr_line' id='line_1_40' title="bbox 528 2459 1966 2516; baseline -0.001 -18"><span class='ocrx_word' id='word_1_403' title='bbox 528 2473 597 2498; x_wconf 86' lang='lat' dir='ltr'>nus</span> <span class='ocrx_word' id='word_1_404' title='bbox 629 2472 862 2512; x_wconf 78' lang='lat' dir='ltr'>magnorum</span> <span class='ocrx_word' id='word_1_405' title='bbox 892 2459 1098 2503; x_wconf 86' lang='lat' dir='ltr'>hominum</span> <span class='ocrx_word' id='word_1_406' title='bbox 1126 2463 1281 2516; x_wconf 84' lang='lat' dir='ltr'>ingenia</span> <span class='ocrx_word' id='word_1_407' title='bbox 1296 2459 1562 2503; x_wconf 82' lang='lat' dir='ltr'>excitaverit,</span> <span class='ocrx_word' id='word_1_408' title='bbox 1592 2469 1709 2513; x_wconf 88' lang='lat' dir='ltr'>atque</span> <span class='ocrx_word' id='word_1_409' title='bbox 1728 2470 1803 2511; x_wconf 88' lang='lat' dir='ltr'>pro</span> <span class='ocrx_word' id='word_1_410' title='bbox 1831 2471 1879 2497; x_wconf 93' lang='lat' dir='ltr'>eo</span> <span class='ocrx_word' id='word_1_411' title='bbox 1895 2469 1966 2496; x_wconf 79' lang='lat' dir='ltr'>co-</span> 
     </span>
     <span class='ocr_line' id='line_1_41' title="bbox 1863 2525 1962 2565; baseline 0 -14"><span class='ocrx_word' id='word_1_412' title='bbox 1863 2525 1962 2565; x_wconf 90' lang='lat' dir='ltr'>gno-</span> 
     </span>
    </p>
   </div>
  </div>
 </body>
</html>
