2145 2910
525 212 581 249 60
983 207 1541 251 SPECIMEN

875 309 1410 355 PROPOSITIO
1480 310 1620 356 VIII.

524 425 643 473 Mare
675 422 788 487 apud
824 438 905 469 nos
934 420 1110 487 fingulis
1143 423 1259 471 horis
1291 424 1332 471 in
1352 423 1486 473 Fluxu
1522 423 1578 471 ad
1615 439 1743 473 unam
1762 453 1777 479 ‚
1814 438 1888 472 aut
1906 423 1970 470 al-

594 520 728 552 teram
764 503 943 549 Vnciam
978 503 1111 568 vulgo
1143 505 1344 569 assurgit,
1385 507 1444 553 ita
1478 504 1784 554 descendendo
1819 521 1971 569 proce·-

594 582 710 629 cedit
741 583 784 629 in
803 584 1013 639 Refluxu‚
1049 584 1121 633 sed
1158 587 1201 632 in
1220 586 1368 635 medio
1384 585 1540 637 Fluxus
1574 588 1698 635 tertia
1730 585 1891 634 scilicet
1910 583 1977 632 vel

592 679 745 727 quarta
781 664 887 712 hora
920 664 1108 715 velocius
1141 667 1302 716 incedit
1335 698 1349 722 ,
1402 671 1447 712 &
1481 668 1597 717 velut
1636 668 1735 715 salit
1773 698 1786 722 ,
1840 682 1888 714 ut
1923 665 1981 713 ad

594 747 693 791 treis
734 746 798 792 vel
845 762 1031 807 quatuor
1076 749 1221 795 uncias
1261 765 1364 796 tunc
1409 750 1612 798 ascendat
1653 781 1666 803 ,
1721 746 1883 794 deinde
1923 743 1980 790 ad

598 826 819 890 pristinum
863 826 1031 873 unciale
1071 843 1353 890 augmentum
1394 829 1505 874 redit
1540 862 1551 874 .
1607 831 1671 875 Ita
1716 830 1758 874 in
1801 825 1982 875 Rcfluxu

599 905 832 970 procedit,
870 923 919 954 ut
953 906 1127 970 fingulis
1165 907 1277 955 horis
1320 907 1374 954 ad
1412 925 1539 956 unam
1586 925 1658 956 aut
1693 907 1872 954 alteram
1906 922 1985 953 un-

600 988 712 1033 ciam
741 986 969 1036 descendat
988 1021 1001 1043 ,
1040 992 1084 1033 &
1117 989 1159 1036 in
1190 989 1336 1035 medio
1362 988 1417 1035 ad
1447 991 1545 1036 treis
1567 989 1630 1036 vel
1650 1004 1836 1053 quatuor
1855 1017 1869 1040 >
1906 985 1981 1033 de-

603 1066 705 1114 inde
739 1085 785 1115 ut
813 1068 867 1115 ab
898 1069 1019 1116 initio
1054 1069 1094 1115 se
1131 1071 1384 1132 componit.
1415 1074 1605 1132 Vterque
1635 1069 1801 1119 Saltus,
1840 1082 1888 1112 ut
1923 1067 1982 1111 ita

604 1144 793 1208 loquar,
826 1149 1082 1196 manifestior
1102 1151 1219 1197 estin
1252 1151 1385 1197 Fluxu
1420 1153 1464 1194 &
1498 1150 1676 1198 Refluxu
1709 1148 1786 1195 illo
1810 1147 1992 1209 longio-

605 1227 668 1280 ri,
700 1229 806 1291 qui,
836 1244 883 1275 ut
909 1226 995 1274 dixi
1014 1259 1028 1282 2
1065 1229 1193 1277 semel
1212 1231 1255 1275 in
1275 1232 1345 1278 die
1363 1232 1581 1292 contingit
1598 1264 1610 1276 .

973 1353 1561 1394 SCHOLIVM.

547 1457 613 1542 P
633 1452 844 1508 Ropositio
859 1454 953 1494 haec
971 1454 1088 1494 habet
1105 1454 1197 1493 novi
1220 1453 1368 1507 aliquid
1387 1482 1397 1497 ‚
1428 1455 1614 1508 quoniam
1632 1468 1654 1492 a
1672 1453 1824 1492 nemine
1841 1480 1852 1494 ‚
1885 1451 1995 1504 quod

649 1512 765 1552 sciam
796 1540 807 1554 ,
840 1512 966 1550 adhuc
1000 1509 1115 1550 fuerit
1150 1508 1403 1550 observatum
1432 1541 1441 1554 ‚
1474 1524 1580 1549 mare
1610 1508 1758 1548 scilicet
1789 1510 1829 1546 in
1864 1508 1997 1546 medio

547 1571 685 1610 Fluxus
717 1595 727 1609 ‚
759 1567 821 1607 vel
838 1564 1026 1606 Reflnxus
1058 1564 1300 1605 ascendendo
1319 1566 1378 1605 vel
1409 1564 1678 1605 descendendo
1708 1563 1882 1604 velocius
1913 1564 1997 1605 ire,

550 1638 595 1666 ut
619 1624 757 1665 saltum
786 1622 996 1676 quemdam
1027 1621 1119 1660 edat
1136 1651 1145 1665 ,
1174 1620 1314 1660 deinde
1331 1651 1342 1666 ,
1374 1633 1417 1661 ut
1439 1622 1490 1660 ab
1509 1623 1625 1661 initio
1643 1631 1728 1660 erat
1747 1647 1757 1662 ‚
1784 1618 1818 1660 se
1838 1617 1873 1658 se
1889 1632 1999 1658 com-

548 1694 697 1738 ponere
720 1681 763 1718 ὃς
791 1678 1028 1732 procedere.
1058 1678 1092 1716 Si
1118 1675 1229 1716 saltus
1248 1676 1314 1715 iste
1331 1679 1369 1715 in
1384 1674 1593 1716 ascensu&
1610 1674 1790 1716 descensu
1821 1688 1999 1714 commu-

551 1740 610 1779 nis
635 1735 687 1775 est
702 1733 995 1774 omnibus-locis
1012 1761 1021 1775 ,
1053 1734 1091 1772 in
1111 1734 1251 1786 quibus
1264 1732 1374 1773 Mare
1391 1731 1536 1773 aestuat
1552 1761 1562 1775 ‚
1596 1728 1914 1772 manifestissimus
1946 1728 2003 1769 es-

550 1794 585 1835 se
614 1793 731 1833 debet
748 1792 790 1829 iis
807 1793 844 1829 in
861 1790 957 1828 locis
976 1817 985 1831 ,
1011 1789 1150 1840 quibus
1169 1789 1217 1827 ad
1234 1788 1493 1839 quadraginta
1519 1789 1690 1839 quinque
1721 1787 1838 1840 pedes
1872 1784 2002 1826 ascen-

552 1849 610 1890 sus
639 1847 703 1886 iste
734 1846 776 1883 &
805 1841 1002 1883 descensus
1032 1841 1195 1881 extendi
1227 1841 1394 1879 dicitur.
1427 1842 1487 1879 Ibi
1512 1842 1616 1879 enim
1648 1843 1688 1879 in
1719 1842 1850 1879 medio
1881 1841 2002 1880 aestus

553 1904 670 1945 unica
697 1901 795 1940 hora
823 1899 959 1939 decem
976 1897 1036 1937 vel
1053 1897 1280 1952 quindecim
1299 1896 1416 1936 Pedes
1435 1894 1612 1935 ascendet
1628 1925 1638 1940 ,
1672 1895 1735 1935 vel
1763 1894 1970 1935 descendet
1988 1923 2000 1939 ‚

557 1959 665 2015 quod
696 1959 840 1997 mirum
871 1954 1085 1994 admodum
1114 1952 1167 1994 est
1196 1981 1206 1997 ‚
1238 1966 1365 2007 eoque
1396 1957 1516 2006 magis
1546 1951 1652 2005 quod
1682 1966 1704 1991 a
1734 1952 1886 1991 nemine
1919 1965 1998 1991 me-

562 2026 761 2057 moretur.

893 2126 1433 2174 PROPOSITIO
1504 2126 1674 2170 VIIII.

579 2250 696 2297 Inter
724 2244 904 2293 Fluxum
926 2241 1208 2292 &Refluxum
1228 2241 1502 2305 Aquistitium
1535 2238 1691 2287 accidit
1709 2256 1723 2292 3
1744 2235 1863 2302 quod
1890 2238 2009 2285 Mare

641 2326 797 2376 scilicet
832 2341 933 2372 tunc
963 2341 1101 2389 neque
1142 2323 1342 2371 ascendat
1372 2355 1387 2378 ,
1432 2339 1569 2386 neque
1605 2318 1833 2367 descendat
1867 2347 1881 2372 ‚
1933 2315 2007 2365 sed

649 2410 881 2455 immotum
913 2406 1017 2454 stare
1055 2405 1249 2455 videatur
1279 2439 1291 2452 .
1342 2402 1617 2467 Aquistitium
1649 2400 1734 2449 hoc
1767 2398 2009 2448 communi-

1954 2488 2016 2519 ter
