2145 2910
581 209 633 244 76
1036 211 1588 256 SPECIMEN

580 295 708 338 wardi
725 295 875 337 Affecla
892 326 901 341 ‚
927 305 972 336 ut
992 295 1060 336 has
1078 297 1260 338 minutias
1280 299 1425 352 pandas
1444 327 1454 343 ‚
1485 310 1599 341 tanto
1613 309 1808 355 apparatu
1825 327 1836 346 ‚
1861 300 1905 341 &
1921 309 2035 344 tanta.

577 350 674 392 sacri
690 353 850 393 Codicis
868 354 911 392 ὃς
928 352 1229 408 Prophanorum
1249 355 1495 411 Scriptorum
1514 359 1765 399 Audtoritate
1783 388 1793 403 ,
1819 372 1943 412 quum
1957 359 2036 400 hoc

580 419 714 450 totum
746 421 827 449 tam
859 409 963 450 facili
988 411 1151 463 negotio
1168 441 1178 456 ‚
1209 412 1252 451 &
1267 410 1349 452 solo
1365 413 1532 454 naturali
1548 416 1663 455 maris
1678 413 1820 455 recessu
1837 412 1953 468 poffit
1969 429 2035 457 ex-

575 465 748 520 plicari?
777 468 919 505 Verum
936 480 1032 520 pace
1047 467 1191 508 horum
1223 470 1399 510 virorum
1415 471 1546 511 dicam
1572 486 1663 512 cum
1684 471 1874 511 Terentio
1892 499 1902 514 ,
1934 471 2033 512 dum

577 521 674 562 haec
706 533 820 561 acute
851 522 982 562 dicere
997 523 1207 568 videntur,
1240 540 1311 566 nae
1329 525 1478 568 faciunt
1507 528 1764 583 intelligendo
1781 540 1826 568 ut
1840 528 1937 568 nihil
1968 530 2028 567 in-

577 578 779 629 telligant·
813 580 921 619 Nam
945 580 1071 633 probe
1108 582 1149 620 in
1188 583 1361 623 medium
1392 585 1507 625 Sacer
1545 585 1686 625 Codex
1714 585 1948 633 adducitur,
1985 586 2029 625 δε

573 634 697 686 probe
728 634 846 674 etiam
878 635 1043 676 aliarum
1068 638 1257 679 Gentium
1285 638 1439 681 fabulae
1470 641 1710 687 afferuntur,
1743 656 1843 696 quae
1874 656 1897 680 a
1930 642 2031 682 veris

574 687 749 729 Historiis
776 691 879 731 Sacri
896 693 1058 734 Codicis
1090 694 1249 735 fuerunt
1263 696 1446 738 detortae
1464 727 1475 742 ,
1506 700 1550 738 &
1570 699 1809 753 depravatae
1825 728 1836 743 ,
1862 712 1955 738 nam
1986 697 2034 737 li-

572 756 637 786 cet
665 747 722 786 ita
752 748 933 789 detortae
957 751 1000 789 &
1031 752 1265 807 depravatae
1294 753 1519 796 consensum
1545 767 1677 796 tamen
1709 754 1921 808 quemdam
1949 755 2036 793 uni-

571 801 757 843 versalem
781 808 959 845 omnium
977 808 1223 860 populorum
1240 810 1288 849 de
1306 813 1472 851 veritate
1488 813 1641 851 Diluvii
1656 810 1866 850 ostendunt
1887 837 1894 844 .
1924 809 2036 862 Qa-

570 873 610 898 re
639 859 795 900 admissa
818 863 984 902 veritate
1002 863 1152 904 Diluvii
1169 894 1179 908 ,
1211 879 1329 918 quam
1350 880 1467 907 nemo
1483 866 1592 908 sanus
1622 868 1666 906 &
1694 868 1781 920 pius
1813 878 1958 920 negat,
1988 867 2032 905 &

569 913 681 957 fimul
702 917 863 959 admiffo
892 918 1076 960 consensu
1098 922 1276 961 omnium
1295 923 1539 977 Populorum
1556 955 1567 970 ,
1597 925 1705 978 quod
1723 922 1893 962 multum
1910 923 2032 962 etiam

569 970 648 1019 est,
678 987 844 1030 apparet
875 976 1126 1017 Noachicum
1141 979 1436 1035 Cataclysmum
1467 992 1605 1034 quater
1635 981 1792 1020 circiter
1821 978 1930 1019 mille
1961 993 2031 1017 an-

569 1030 626 1069 nis
644 1031 694 1072 ab
706 1031 820 1073 heinc
849 1034 1051 1089 contigiffe
1069 1065 1078 1080 ,
1095 1049 1198 1075 anno
1226 1034 1375 1077 scilicet
1391 1036 1596 1078 millesimo
1624 1033 1898 1077 sexcentefimo
1913 1036 2030 1089 quin-

568 1086 790 1140 quagefimo
820 1088 927 1130 sexto
959 1092 1009 1131 ab
1025 1093 1133 1132 Orbe
1159 1093 1327 1134 condito
1344 1122 1352 1130 .
1379 1094 1501 1147 Qod
1520 1104 1674 1148 tempus
1690 1106 1808 1131 omne
1825 1106 1849 1130 a
1862 1093 2031 1131 condito

567 1143 760 1184 Vniverso
792 1146 854 1187 sex
887 1148 1011 1188 millia
1035 1149 1246 1189 Annorum
1275 1165 1356 1190 non
1390 1150 1573 1195 excedit,
1609 1147 1636 1188 fi
1677 1159 1829 1188 textum
1866 1148 2033 1188 Hebrai-

566 1211 658 1238 cum
675 1229 685 1244 ,
719 1202 987 1255 &Vulgatam
1017 1204 1241 1246 Verfionem
1263 1209 1369 1248 Sacri
1407 1207 1568 1248 Codicis
1595 1204 1798 1259 sequamur
1815 1232 1826 1245 ‚
1860 1206 1903 1244 ὃς
1933 1206 2029 1244 ocsto

567 1255 692 1295 millia
722 1270 918 1296 annorum
934 1272 1015 1298 non
1033 1259 1231 1313 superabit
1248 1289 1259 1304 ‚
1275 1261 1300 1301 fi
1319 1277 1414 1302 Lxx·
1437 1265 1704 1317 Interpretum
1720 1261 1949 1300 Led'cionem
1978 1258 2032 1298 se-

567 1325 758 1366 quemur.
793 1314 928 1368 Qare
957 1327 1124 1370 apparet
1148 1327 1300 1372 tempus
1323 1329 1493 1373 quatuor
1520 1317 1689 1358 millium
1700 1317 1910 1356 Annorum
1942 1314 2030 1372 post

566 1369 758 1410 diluvium
785 1385 867 1410 non
896 1368 1067 1413 sufficere
1097 1372 1146 1412 ad
1162 1372 1347 1415 recessum
1375 1377 1489 1416 maris
1508 1389 1530 1414 a
1547 1373 1747 1414 montibus
1779 1374 2026 1428 Apenninis‚

564 1439 690 1480 neque
719 1425 882 1467 sufficiet
907 1438 1059 1484 tempus
1092 1428 1314 1471 universum
1331 1446 1428 1472 Lxx.
1459 1433 1726 1485 Interpretum
1744 1460 1754 1475 ,
1785 1429 1879 1470 licet
1901 1429 2027 1470 decies

564 1480 691 1522 fuiffet
715 1482 870 1538 longius
888 1515 896 1523 .
929 1487 1034 1525 Nam
1065 1500 1185 1539 quum
1202 1487 1313 1528 Mare
1344 1489 1393 1528 ab
1423 1489 1528 1528 Vrbe
1551 1486 1681 1527 nostra
1707 1485 1835 1540 spatio
1854 1486 2027 1526 duorum

563 1539 733 1580 millium
749 1541 957 1580 Annorum
991 1543 1034 1580 ὃς
1061 1542 1228 1594 amplius
1244 1570 1255 1583 ‚
1287 1558 1336 1582 ex
1354 1558 1434 1593 quo
1465 1543 1614 1580 scilicet
1639 1544 1918 1581 Romanorum
1945 1543 2028 1580 Co-

561 1594 670 1636 lonia
699 1596 775 1636 huc
805 1595 972 1635 deducta
989 1595 1067 1639 est,
1092 1597 1160 1636 vix
1185 1609 1230 1635 ac
1262 1610 1310 1636 ne
1338 1598 1406 1637 vix
1432 1595 1590 1649 quidem
1620 1594 1728 1634 mille
1760 1595 1885 1649 paffus
1908 1595 2030 1636 reces-

560 1650 653 1692 serit
669 1683 679 1697 ,
710 1653 754 1691 &
779 1667 801 1692 a
817 1653 1034 1697 Ravenna,
1064 1653 1132 1692 ubi
1156 1656 1281 1706 major
1307 1651 1359 1693 est
1376 1651 1556 1693 Receffus
1576 1679 1585 1694 ‚
1619 1652 1687 1691 vix
1717 1651 1766 1690 ad
1796 1653 1870 1691 tria
1903 1652 2028 1692 millia

561 1707 737 1761 paffuum
769 1708 990 1752 recesserit,
1021 1709 1064 1748 δε
1095 1723 1218 1763 quum
1249 1711 1468 1750 Cacumina
1486 1709 1790 1764 Apenninorum
1823 1722 1952 1748 xxxv.
1982 1711 2027 1749 &

561 1762 716 1805 fortasse
743 1778 807 1805 xl..
838 1764 963 1806 millia
994 1763 1169 1820 passuum
1199 1782 1223 1807 a
1254 1768 1351 1807 mari
1391 1765 1525 1806 nostro
1550 1764 1690 1805 distent
1708 1793 1717 1808 ‚
1751 1775 1863 1820 patet
1904 1764 2026 1806 talem

561 1820 771 1862 Receffum
803 1823 921 1861 Maris
960 1835 983 1859 a
1004 1823 1154 1860 vertice
1184 1821 1343 1860 illorum
1368 1824 1567 1860 Montium
1586 1849 1594 1861 ‚
1628 1836 1675 1860 ne
1707 1820 1832 1874 spatio
1863 1822 2024 1876 quidem

560 1890 683 1916 Lxxx.
702 1877 869 1917 millium
894 1889 1093 1916 annorum
1120 1873 1205 1916 fieri
1223 1875 1389 1929 potuiffe
1408 1903 1416 1911 ·
1439 1875 1552 1923 Quae
1569 1875 1689 1913 Aetas
1706 1876 1835 1914 decies
1868 1881 1912 1916 ὃς
1941 1892 2023 1916 am-

561 1932 664 1987 plius
696 1935 822 1986 major
854 1931 932 1976 est,
958 1945 1077 1986 quam
1105 1942 1210 1973 aetas
1227 1930 1398 1973 Vniverfi
1417 1960 1426 1975 ‚
1457 1933 1576 1972 etiam
1607 1929 1956 1983 juxtaVerfionem
1973 1932 2021 1971 il-

560 1990 637 2029 lam
671 2002 768 2029 Lxx.
786 1990 1051 2044 Interpretum
1069 2016 1078 2025 .
1103 1989 1238 2042 Qare
1254 1988 1464 2029 dicendum
1481 1986 1722 2042 ,Conchylia
1753 1987 1819 2027 illa
1834 2017 1844 2033 ,
1872 1988 1917 2027 &
1940 2002 2019 2029 ma-

558 2048 661 2086 rinas
688 2047 847 2087 exuvias
877 2049 1028 2091 varias,
1059 2059 1158 2099 quae
1189 2047 1227 2085 in
1258 2046 1333 2085 illis
1345 2045 1548 2086 Montibus
1579 2045 1830 2097 reperiuntur
1848 2055 2016 2099 ‚quater

560 2103 610 2143 ab
624 2103 738 2144 heinc
755 2103 861 2143 mille
888 2104 994 2143 annis
1019 2116 1041 2142 a
1056 2103 1221 2143 Diluvio
1238 2102 1448 2143 Noachico
1479 2101 1558 2142 illic
1583 2100 1686 2142 fuisse
1709 2099 1922 2154 asportatas
1940 2132 1949 2145 ‚
1973 2111 2017 2141 ut

559 2162 663 2201 ratio
693 2162 800 2201 Sacri
821 2161 982 2200 Codicis
1007 2190 1017 2205 ,
1045 2161 1088 2200 &
1115 2158 1316 2200 consensus
1344 2158 1424 2200 fere
1453 2161 1633 2200 omnium
1666 2157 1906 2211 Populorum
1934 2156 2017 2197 sua-

559 2217 653 2260 det,
685 2217 794 2272 quod
821 2217 863 2257 &
893 2215 1031 2258 diserte
1054 2218 1239 2270 probavit
1254 2216 1551 2260 Woodwardus
1576 2226 1719 2255 contra
1742 2213 1897 2254 fabellas
1929 2214 2013 2254 illas

559 2274 717 2316 Burneti
732 2302 742 2317 ‚
769 2288 863 2328 quas
890 2274 954 2315 iste
982 2290 1004 2315 a
1028 2275 1202 2314 Patricio
1224 2272 1356 2314 nostro
1372 2272 1581 2314 detorserat
1599 2273 1707 2313 -Huc
1722 2271 1842 2317 adde,
1858 2272 2014 2311 univer-

561 2333 641 2374 sum
670 2331 1007 2373 Mediterraneum
1042 2332 1151 2371 Mare
1181 2346 1256 2371 una
1287 2346 1376 2371 cum
1396 2333 1544 2370 Sinibus
1577 2327 1647 2368 suis
1672 2328 1851 2369 omnibus
1880 2340 2015 2368 recens

563 2391 715 2433 videri,
742 2388 872 2428 multo
904 2402 1043 2443 nempe
1074 2387 1162 2442 post
1184 2390 1435 2429 Noachicum
1463 2384 1757 2440 Cataclysmum
1789 2396 1925 2425 natum
1956 2383 2018 2424 vel

563 2448 724 2489 auctum
755 2473 765 2489 ‚
795 2460 845 2487 ex
871 2445 1114 2501 disruptione
1146 2442 1294 2486 [cilicet
1309 2446 1458 2486 Oceani
1489 2444 1685 2484 Atlantici
1719 2442 1821 2483 facta
1848 2442 1897 2482 ad
1928 2440 2022 2536 (3αὲ

1888 2513 1963 2553 pen
2006 2506 2020 2514 ⁴
