2145 2910
458 189 1312 232 AESTVSMARITIMI
1547 197 1597 234 61

246 294 313 327 ter
357 276 493 341 spatio
543 276 664 324 unius
712 276 840 323 horae
887 276 1125 323 continetur
1162 290 1178 329 3
1231 272 1302 322 sed
1345 272 1388 320 in
1423 267 1599 330 'majori-

244 358 325 406 bus
360 357 536 405 aestibus
569 386 582 410 ‚
619 357 688 404 seu
718 358 759 404 in
789 357 1053 421 longioribus
1072 354 1267 403 Fluxibus
1299 386 1314 408 ,
1354 356 1398 399 &
1417 353 1602 402 Refluxi-

249 437 329 484 bus
369 437 581 485 interdum
617 455 731 485 mare
763 454 838 501 per
869 439 966 485 treis
993 436 1117 486 horas
1152 438 1345 502 quietum
1377 434 1455 485 stat
1479 431 1600 483 nullo

248 517 416 567 ascensu
451 517 562 566 facto
591 518 658 568 vel
689 517 887 567 descensu
909 551 920 565 .

611 657 1188 699 SCHOLIVM.

180 769 284 854 H
307 773 392 834 AB?
419 771 641 836 Propofitio
677 770 804 811 adfert
838 783 994 823 quoque
1024 768 1171 823 aliquid
1202 770 1296 809 novi
1320 795 1330 811 ,
1370 767 1477 821 quod
1496 780 1607 833 'mare

316 826 461 868 selhcet
485 840 584 867 mter
616 828 774 865 Fluxum
802 825 845 864 &
873 823 1083 864 Refluxum
1112 838 1182 877 per
1217 825 1355 865 horam
1381 853 1391 868 ‚
1420 825 1463 862 ὃ(
1493 833 1613 863 mter-

182 883 278 920 dum
303 897 373 935 per
391 883 536 935 plureis
560 884 735 937 quietum
753 890 908 920 maneat
924 907 931 915 .
956 881 1142 931 Qiietem
1158 879 1258 920 hanc
1275 911 1286 926 ,
1315 878 1375 919 seu
1392 889 1520 918 motus
1537 876 1614 918 ces-

183 934 371 976 sationem
406 938 447 975 in
464 939 560 977 mari
579 951 683 977 novo
702 937 898 976 vocabulo
913 937 1153 989 Aquifiitium
1171 936 1476 989 nuncupavimus
1495 962 1502 970 .
1522 936 1616 973 Sunt

182 995 286 1033 enim
308 993 418 1032 rebus
444 994 554 1032 novis
572 1006 674 1031 nova
690 991 924 1046 imponenda
953 992 1134 1030 nomina.
1163 992 1417 1046 Qamquam
1437 1004 1514 1030 non
1531 1003 1614 1029 om-

185 1050 279 1087 nino
308 1063 454 1088 novum
479 1047 532 1087 est
548 1062 653 1088 mare
677 1049 778 1086 inter
794 1047 953 1086 Fluxum
973 1074 982 1088 ‚
1000 1047 1042 1085 ὃ(
1062 1045 1271 1088 Refluxum
1296 1047 1507 1103 paullulum
1525 1059 1618 1086 con-

186 1102 333 1142 fistere.
361 1102 576 1143 Franciscus
593 1105 696 1143 enim
712 1102 872 1156 Bayleus
899 1101 1067 1141 articulo
1085 1104 1134 1142 H.
1161 1104 1209 1143 de
1237 1103 1352 1143 Aestu
1383 1103 1534 1140 Oceani
1559 1101 1616 1142 hjs

191 1159 318 1199 verbis
335 1161 505 1211 quietem
522 1159 621 1198 hanc
641 1158 769 1198 afferit
784 1173 793 1198 :
822 1189 845 1203 „
863 1159 908 1198 In
924 1156 999 1197 fine
1017 1156 1189 1198 affluxus
1207 1188 1216 1202 ,
1240 1160 1282 1197 ὃς
1309 1156 1483 1197 defluxus
1501 1169 1617 1208 aqua-

188 1240 212 1257 „
244 1228 334 1252 rum
355 1215 485 1253 tardus
514 1216 612 1254 adeo
630 1213 681 1252 est
695 1228 826 1253 earum
844 1225 974 1252 motus
992 1239 1002 1254 ,
1027 1223 1071 1250 ut
1095 1228 1165 1266 per
1181 1213 1332 1266 aliquot
1352 1211 1499 1251 minuta
1529 1226 1620 1251 con-

189 1296 213 1312 „
244 1267 365 1309 sistere
382 1269 561 1310 videatur
577 1299 586 1314 ,
618 1267 692 1308 sine
721 1268 804 1307 ullo
833 1268 1062 1308 elevationis
1079 1280 1292 1320 augmento
1310 1278 1377 1307 aut
1393 1266 1616 1307 decremen-

190 1355 212 1369 ,‚
245 1337 288 1365 to
307 1353 330 1368 „
350 1352 357 1360 ·
389 1326 446 1364 At
468 1325 572 1379 apud
589 1339 656 1364 nos
678 1326 717 1362 in
736 1321 810 1362 fine
826 1323 965 1367 Fluxus
981 1351 991 1365 ,
1010 1335 1076 1362 aut
1086 1323 1273 1365 Refluxus
1299 1337 1421 1377 aquae
1446 1324 1619 1376 plerum-

191 1396 266 1435 que
282 1395 359 1421 non
377 1394 446 1434 per
462 1381 613 1434 aliquot
638 1380 790 1419 minuta
806 1409 816 1423 ‚
845 1378 906 1419 sed
932 1391 1001 1430 per
1025 1378 1164 1418 horam
1180 1378 1390 1419 consistunt
1407 1409 1417 1423 ‚
1441 1381 1484 1419 &
1500 1381 1620 1418 inter-

191 1439 282 1477 dum
301 1451 376 1491 per
393 1437 535 1490 plureis
553 1464 562 1479 ‚
593 1433 817 1490 praesertim
834 1436 947 1474 tertia
962 1448 1115 1488 quaque
1138 1435 1200 1475 die
1217 1435 1303 1490 post
1318 1434 1518 1475 novilunia
1534 1462 1545 1477 ,
1578 1434 1621 1473 ὅς

192 1491 278 1546 post
310 1493 547 1547 plenilunia,
578 1506 702 1545 eoque
736 1493 857 1543 magis
887 1505 932 1530 ea
960 1492 1093 1532 Luna,
1119 1506 1218 1545 quae
1247 1490 1405 1531 solstitia
1439 1491 1620 1544 proxime

194 1547 364 1599 sequitur
385 1575 394 1589 ,
423 1562 523 1601 qua,
552 1559 597 1586 ut
626 1546 734 1599 saepe
759 1547 928 1584 diximus
947 1573 957 1588 ,
989 1548 1153 1596 majores
1169 1547 1286 1585 aestus
1307 1547 1411 1600 apud
1437 1559 1505 1585 nos
1530 1559 1622 1585 con-

196 1606 379 1656 tingunt·
407 1601 702 1644 Observandum
734 1600 786 1640 est
807 1599 1058 1653 Aquistitium
1080 1628 1088 1641 ‚
1120 1602 1452 1652 quemadmodum
1481 1611 1620 1641 eventa.

197 1673 330 1697 omnia
361 1660 474 1696 maris
506 1685 515 1699 ‚
548 1655 804 1699 manifestius,
830 1655 872 1692 &
900 1656 1021 1707 magis
1053 1656 1280 1695 diuturnum
1309 1655 1380 1696 effe
1409 1655 1620 1709 tranquillo

199 1714 324 1754 mari,
351 1725 468 1763 quam
493 1713 595 1750 irato
615 1711 656 1748 &
678 1709 854 1749 fluctibus
875 1708 1080 1748 concuffo.
1146 1710 1477 1787 ffssfffflstffs
1512 1735 1538 1758 ῃ
1554 1716 1726 1757 «xxi-l-''ss

582 1836 1124 1880 PROPOSITIO
1193 1838 1248 1878 X.

204 1970 421 2033 Qoniam
460 1972 577 2016 Mare
619 1966 733 2030 apud
762 1983 841 2014 nos
876 1971 965 2014 Ora
1000 1983 1187 2015 extrema
1225 1984 1350 2016 tenue
1392 1969 1628 2016 admodum

272 2053 361 2105 est,
388 2052 429 2098 in
461 2049 595 2098 Fluxu
634 2047 818 2094 multum
852 2047 1026 2093 Littoris
1061 2048 1216 2101 alluit,
1241 2052 1285 2092 &
1324 2051 1367 2096 in
1386 2049 1565 2097 Refluxu
1604 2067 1628 2096 a

271 2134 435 2179 Littore
467 2128 652 2177 multum
684 2127 833 2174 itidem
851 2127 1011 2175 recedit
1031 2161 1041 2172 .
1082 2129 1276 2178 Receffus
1308 2132 1379 2177 iste
1414 2130 1559 2191 aliquo
1587 2129 1629 2174 in

269 2213 370 2260 loco
400 2210 457 2257 ad
490 2209 701 2257 ducentos
715 2208 847 2257 Pedes
881 2209 1185 2257 Ariminenseis
1219 2211 1474 2259 exstenditur
1495 2244 1506 2255 .
1539 2209 1631 2255 Pari

273 2294 442 2339 ratione
481 2290 590 2338 redit
627 2291 670 2337 in
700 2287 905 2343 Accessu‚
943 2293 986 2336 &
1033 2291 1076 2337 in
1112 2289 1381 2340 Fluminibus
1413 2289 1466 2338 ad
1516 2288 1631 2336 mille

275 2370 531 2430 Passus-vim
562 2374 680 2421 suam
714 2370 896 2418 ostendit
922 2401 933 2414 .
982 2369 1126 2433 Vulgo
1175 2373 1338 2421 accedit
1372 2372 1437 2421 vel
1473 2368 1630 2417 recedit

1502 2452 1635 2490 decem
