2180 2905
517 232 564 266 14
939 218 1501 262 DECONGHIS

512 306 582 345 bus
598 307 754 345 marinis
771 333 781 348 ‚
813 309 855 347 ὃ(
872 307 910 345 in
927 306 1048 345 arenis
1066 303 1246 344 omnibus
1263 304 1458 346 montium
1476 329 1486 345 ‚
1502 315 1596 356 quas
1625 301 1829 345 observavi
1845 336 1856 351 ‚
1886 308 1943 350 ita,

509 359 738 401 rarissimum
756 361 808 401 est
838 364 877 402 in
895 362 1014 402 arenis
1045 360 1266 412 Covignani
1284 390 1294 405 ,
1321 371 1363 400 ut
1395 373 1515 399 unum
1531 371 1599 399 aut
1616 361 1783 401 alterum
1800 362 1837 399 in
1854 362 1938 418 ipfis

509 419 577 458 vix
608 417 772 458 viderim
798 447 808 461 ‚
841 419 933 458 licet
963 417 1103 457 multas
1137 417 1266 455 uncias
1299 415 1454 460 illarum
1481 445 1493 462 ‚
1523 414 1656 470 easque
1686 418 1939 460 minimorum

512 470 698 514 foffilium
716 473 967 515 refertiffimas
983 473 1285 514 examinaverim
1304 503 1311 511 .

525 585 1929 615 :QQQWQWQQQQQQQQQQQQ

461 619 956 753 ἦέῖέἶὲῗὲῗῖᾝ
994 680 1061 739 A
1097 677 1141 735 P
1180 678 1248 741 V
1290 677 1347 738 T
1428 677 1561 741 VI.

537 799 720 837 CORNV
777 796 1066 835 HAMMONIS
1107 810 1359 836 Ll'r'rORIs
1402 799 1765 839 ARIMINENSIS
1812 813 1917 839 ERE-

594 865 732 893 c‘rvm
763 864 1622 897 MINVS,VVLGARE,LAEVISSIMVM,
1654 867 1913 900 s1L1QvAM

596 921 889 950 RADICVLAE
930 920 1346 951 PERPECTISSIME
1386 923 1673 950 numanus.

506 1026 589 1113 C
607 1024 789 1064 Oncham
820 1024 920 1064 hanc
938 1025 1039 1073 inter
1054 1026 1215 1065 Cornua
1248 1024 1478 1065 Hammonis
1508 1023 1651 1069 retuli,
1677 1024 1785 1078 quod
1805 1026 1845 1063 in
1861 1023 1943 1078 plu-

620 1095 662 1120 ra
679 1080 940 1121 loculamenta
960 1079 1172 1121 extrinsece
1202 1082 1246 1119 δε
1276 1079 1479 1121 intrinsece
1505 1079 1551 1120 fit
1584 1081 1738 1120 diffetsta
1757 1108 1766 1122 ‚
1798 1090 1842 1119 ut
1858 1079 1943 1119 sunt

511 1139 681 1192 genuina
709 1137 867 1176 Cornua
905 1137 1139 1177 Hammonis
1177 1138 1311 1176 omnia
1342 1167 1350 1181 ‚
1383 1137 1476 1176 licet
1505 1139 1634 1176 erecsta
1668 1135 1712 1174 fit
1750 1138 1792 1175 ὃ(
1832 1148 1944 1174 non-2

510 1191 739 1234 cochleata.
764 1192 987 1231 Ceterumsi
1004 1195 1088 1246 quis
1118 1207 1235 1246 genus
1264 1192 1381 1246 plane
1405 1206 1551 1233 novum
1570 1205 1618 1231 ex
1633 1193 1705 1231 hac
1723 1190 1914 1230 conflaret
1930 1218 1941 1232 ‚
1974 1204 1980 1209 '

512 1249 629 1289 uti&
643 1260 693 1287 ex
712 1246 777 1285 illa
793 1261 911 1301 quam
931 1245 1100 1300 sequenti
1131 1249 1265 1299 capite
1296 1261 1535 1300 exponemus
1552 1277 1562 1292 ,
1578 1262 1658 1287 non
1684 1248 1915 1300 repugnabo
1933 1277 1940 1285 .

512 1304 771 1347 Turbinatam
789 1304 891 1343 enim
909 1300 1073 1356 figuram
1101 1303 1219 1343 habet
1236 1333 1246 1347 ,
1272 1301 1332 1342 seu
1359 1305 1538 1343 conicam
1554 1333 1564 1348 ‚
1595 1301 1655 1342 sed
1687 1304 1735 1342 ad
1753 1302 1944 1342 Turbines

514 1360 564 1401 fic
582 1360 703 1413 vulgo
719 1358 843 1399 dietos
861 1358 992 1399 referri
1020 1373 1099 1398 non
1130 1357 1281 1414 potest,
1311 1374 1431 1414 quum
1461 1374 1510 1399 ex
1539 1358 1873 1399 intersedkionibus
1889 1373 1949 1397 re-

514 1419 588 1459 stis
619 1418 662 1455 ὃ(
691 1415 882 1469 parallelis
899 1446 909 1461 ,
938 1429 1016 1454 non
1030 1429 1079 1455 ex
1101 1416 1217 1454 unica
1242 1414 1342 1455 linea
1372 1415 1575 1455 cochleata
1603 1413 1664 1456 seu
1691 1414 1821 1468 spirali
1852 1429 1948 1454 con-

516 1473 611 1515 stet,
638 1483 682 1511 ut
698 1473 869 1512 Limaces
886 1499 896 1514 ‚
926 1472 1095 1511 Strombi
1113 1501 1123 1517 ,
1153 1472 1196 1510 ὅ(
1223 1470 1416 1511 Turbines
1448 1486 1581 1511 omnes
1601 1499 1609 1506 .
1644 1470 1765 1522 Hujus
1792 1469 1945 1510 interse·

515 1531 664 1570 (stiones
681 1526 767 1569 sunt
782 1538 857 1567 tres
874 1528 934 1569 vel
951 1539 1118 1581 quatuor
1147 1528 1195 1568 ad
1225 1525 1439 1570 summum,
1469 1538 1514 1566 ut
1530 1527 1661 1567 videre
1677 1525 1730 1566 est
1745 1533 1868 1566 num.⁰
1898 1526 1944 1564 V·

516 1584 585 1625 sub
600 1585 738 1625 litteris
770 1585 810 1623 Β,
840 1587 886 1624 A.
918 1586 957 1622 E.
988 1584 1157 1635 ejusdem
1183 1582 1382 1624 Tabulae.
1407 1584 1558 1624 Littera
1590 1585 1627 1623 A
1657 1584 1844 1638 exprimit
1873 1581 1949 1621 Te-

517 1640 611 1680 stam
629 1643 666 1679 in
681 1638 780 1678 statu
796 1640 982 1679 naturali·
1011 1640 1203 1692 Reliquae
1233 1652 1308 1691 pro
1338 1650 1381 1679 ut
1412 1650 1576 1693 apparet
1595 1638 1720 1679 oculis
1738 1636 1949 1679 Microsco-

516 1698 586 1749 pio
601 1698 758 1736 armatis
777 1726 784 1733 .
806 1695 956 1733 Harum
985 1695 1130 1733 multae
1148 1695 1255 1732 binas
1273 1694 1562 1733 intersecstiones
1591 1705 1744 1733 tantum
1775 1695 1920 1734 habent
1940 1721 1948 1729 -

518 1749 658 1790 Senfim
687 1748 912 1788 decrescunt
943 1762 1116 1802 corpora
1145 1749 1317 1787 rotunda
1350 1748 1406 1787 his
1429 1758 1618 1788 contenta
1635 1777 1645 1791 ‚
1675 1759 1719 1788 ut
1738 1760 1826 1789 tota
1841 1747 1953 1788 Testa

520 1807 718 1847 turbinata
743 1802 805 1844 seu
841 1805 977 1844 conica
1020 1813 1206 1858 appareat
1237 1830 1247 1845 ‚
1290 1804 1333 1841 ὃ(
1368 1801 1541 1855 filiquam
1571 1804 1770 1842 radiculae
1801 1804 1863 1843 seu
1892 1819 1952 1843 ra-

519 1862 639 1917 phani
655 1861 818 1915 oblongi
834 1857 1106 1915 perfeetiffime
1123 1857 1264 1900 referat
1286 1884 1294 1892 ·
1326 1858 1494 1911 Apicem
1510 1856 1629 1898 habet
1656 1860 1696 1897 in
1727 1860 1956 1898 extremita-

522 1931 561 1959 te
585 1918 725 1971 majori
742 1920 809 1958 ubi
827 1946 836 1961 ‚
867 1915 919 1957 est
933 1914 1240 1956 animalculios.
1270 1911 1478 1954 anriffima
1511 1914 1669 1967 quidem
1695 1913 1807 1955 Testa
1824 1915 1863 1953 in
1883 1928 1953 1955 no-

522 1975 597 2015 stro
613 1975 834 2015 Sedimento
852 2002 862 2017 ‚
895 1985 938 2013 ut
956 1974 995 2013 in
1011 1971 1073 2012 sex
1090 1971 1163 2012 illis
1195 1971 1319 2010 unciis
1349 1972 1417 2011 vix
1448 1971 1523 2009 tria
1553 1982 1622 2010 aut
1654 1982 1823 2025 quatuor
1848 1971 1953 2010 vide-

522 2034 597 2071 rim
623 2033 801 2085 exempla
837 2064 839 2066 ,
874 2029 1040 2071 Nullum
1071 2043 1163 2069 vero
1193 2029 1232 2067 in
1264 2029 1384 2068 arenis
1416 2027 1637 2079 Covignani
1669 2056 1679 2071 ,
1709 2029 1751 2068 <Sc
1782 2027 1950 2070 aliorum

525 2100 744 2130 montium.

1084 2264 1396 2328 &spuis

1862 2484 1951 2522 CA-
