2145 2910
520 217 570 256 μ
963 202 1515 246 SPECIMEN

519 286 651 326 uncias
670 315 679 329 ‚
712 286 773 326 seu
801 286 964 342 pollices
996 298 1168 333 vocant,
1193 287 1423 344 dispescitur
1447 288 1518 333 ,ὃς
1548 286 1715 343 singulae
1747 291 1886 331 unciae
1916 291 1959 330 in

524 343 658 382 decem
692 343 783 383 alias
817 347 959 399 parteis
986 374 996 389 ‚
1027 359 1126 398 quae
1158 359 1278 398 grana
1308 345 1369 386 vel
1401 344 1525 385 lineae
1563 358 1757 387 vocantur
1785 374 1793 383 .
1824 348 1960 400 Qare

522 400 758 440 commodae
788 401 958 442 multum
980 401 1029 440 ad
1061 400 1128 440 has
1158 416 1217 442 res
1249 400 1446 442 mensurae
1464 401 1639 449 nostrae,
1668 404 1960 458 quia&majo—

524 470 581 494 res
610 457 652 495 &
679 458 886 498 decimales
903 483 912 493 ·

543 569 1932 607 QQQQQQQQQQQQQQQ

926 668 1473 713 PROPOSITIO
1534 670 1570 713 I.

516 783 673 833 fluxus
706 790 750 831 &
781 788 963 836 refluxus
988 819 1002 842 ,
1040 791 1109 837 seu
1144 792 1276 837 aestus
1316 792 1557 839 maritimus
1595 789 1651 836 ad
1675 791 1812 836 Littus
1849 793 1954 837 Por-

584 882 761 930 tumque
800 869 977 914 Arimini
1015 885 1114 916 toto
1150 887 1263 918 anno
1297 873 1356 918 est
1388 872 1649 923 continuus,
1687 873 1731 914 &
1764 871 1847 918 diei
1873 887 1950 917 na-

586 947 734 996 turalis
763 949 900 1014 spatio
918 949 981 997 bis
1015 951 1172 999 accidit
1204 949 1357 999 Fluxus
1376 981 1390 1006 ,
1428 951 1551 998 &bis
1583 950 1783 1001 Refluxus
1803 983 1815 996 .

945 1076 1537 1118 SCHOLIVM.

511 1187 703 1273 HVic
740 1189 1006 1243 propositioni
1039 1192 1093 1231 nil
1123 1192 1200 1233 fere
1229 1193 1417 1233 adnotare
1445 1187 1643 1245 poffumus
1662 1217 1670 1225 .
1704 1187 1842 1238 Oxuum
1859 1188 1955 1228 dici-

651 1259 733 1284 mus
765 1244 892 1298 spatio
919 1248 997 1287 diei
1023 1250 1205 1287 naturalis
1235 1251 1292 1287 bis
1320 1248 1497 1287 accidere
1522 1255 1733 1298 utrumque
1758 1275 1769 1290 ,
1801 1242 1952 1283 fluxum

511 1301 662 1342 scilicet
694 1302 736 1340 &
768 1301 987 1348 refluxum,
1017 1304 1054 1342 id
1086 1303 1253 1355 intelligi
1272 1304 1451 1343 volumus
1483 1301 1609 1356 spatio
1639 1302 1957 1355 vigintiquatuor

513 1358 700 1399 horai-um
718 1388 726 1401 ,
754 1358 870 1411 idque
886 1361 1006 1399 etiam
1025 1358 1108 1398 lato
1129 1361 1300 1413 quodam
1321 1359 1442 1398 modo
1462 1386 1471 1400 ‚
1501 1371 1592 1396 nam
1610 1357 1808 1398 interdum
1827 1354 1956 1411 spatio

513 1416 681 1467 majori,
711 1415 910 1455 interdum
930 1417 1075 1455 minori
1104 1428 1269 1469 uterque
1287 1414 1530 1458 absolvitur5
1556 1414 1790 1468 Plerumque
1824 1424 1958 1453 tamen

512 1469 637 1525 spatio
668 1471 805 1524 paullo
831 1474 975 1524 majori
992 1471 1237 1513 absolvitur-

895 1590 1433 1635 PROPOSITIO
1503 1589 1566 1632 ΙΙ.

507 1712 648 1771 Major
684 1726 828 1758 tamen
863 1711 920 1757 est
947 1711 1102 1758 Fluxus
1138 1715 1181 1755 &
1212 1712 1410 1758 Refl'uxus
1443 1711 1485 1756 in
1515 1709 1743 1757 noviluniis
1784 1712 1828 1754 δε
1860 1709 1950 1773 ple-

574 1791 742 1838 niluniis
763 1820 777 1843 ‚
813 1789 943 1852 idque
982 1791 1229 1852 praesertim
1262 1792 1386 1836 tertia
1415 1790 1484 1834 die
1514 1793 1609 1851 post
1648 1790 1914 1838 novilunium
1934 1820 1950 1846 ‚

573 1873 618 1914 ὃ(
654 1870 747 1932 post
773 1866 1055 1931 plenilunium
1077 1898 1090 1921 ³
1128 1886 1258 1932 quam
1275 1869 1316 1913 in
1336 1867 1465 1914 lunae
1488 1896 1502 1920 ,
1541 1884 1587 1916 ut
1623 1885 1810 1922 vocant,
1841 1888 1949 1933 qua-

572 1948 786 1997 draturis.
823 1949 977 1998 Fluxus
1014 1950 1190 2013 quidem
1225 1952 1265 1996 in
1303 1949 1493 2013 syzygiis
1526 1947 1664 2013 duplo
1698 1951 1833 2010 major
1864 1950 1952 1998 fere

572 2033 629 2079 cst
664 2062 677 2086 ‚
722 2045 851 2094 quam
901 2031 1037 2079 fluxus
1090 2034 1132 2077 in
1188 2030 1458 2095 quadraturis
1502 2066 1514 2078 .
1559 2035 1709 2090 Quare
1754 2029 1784 2078 fi
1831 2047 1949 2078 mare

572 2112 771 2161 ascendat
807 2111 860 2158 ad
900 2114 1241 2177 vigintiquatuor
1273 2116 1416 2162 uncias
1449 2143 1462 2168 >
1498 2114 1568 2162 seu
1603 2112 1798 2177 polliceis
1838 2114 1935 2159 Ari-

573 2194 799 2240 minenseis
840 2192 882 2239 in
918 2194 1138 2242 novilunio
1168 2226 1182 2249 2
1229 2193 1283 2243 ad
1317 2196 1548 2244 duodecim
1588 2211 1756 2244 tantum
1793 2198 1936 2244 uncias

574 2273 771 2321 ascendet
804 2274 845 2319 in
882 2276 1144 2338 quadratura
1165 2313 1176 2324 .
1223 2280 1287 2325 Ita
1319 2279 1596 2343 proportione
1631 2276 1738 2328 fasta
1764 2277 1937 2336 descen-ff

577 2355 650 2404 det
683 2358 723 2403 in
758 2358 918 2406 refluxu
942 2393 953 2405 .

1801 2488 1827 2528 S
1828 2487 1946 2528 CHO.
