2145 2910
525 218 804 259 MINVS
865 215 1138 257 NOTIS
1496 229 1548 269 33

120 300 210 340 teris
236 298 274 339 C
303 299 346 339 &
375 299 604 343 Mcernere
621 302 738 343 licet.
763 301 890 352 SQ
893 315 985 341 vero
1001 315 1107 349 mas,
1132 311 1248 353 quem
1274 296 1360 338 heic
1390 299 1546 338 recude-

124 370 167 396 re
196 358 412 396 curavimus
429 356 568 411 Figura
583 359 650 398 VI.
684 359 750 399 sub
777 357 911 398 littera
939 359 976 397 G
1006 356 1139 396 eadem
1169 354 1319 394 Tabula
1336 383 1346 398 ‚
1378 353 1470 394 teste
1496 357 1551 393 Α-

127 411 295 452 thenaeo
311 413 352 451 &
366 413 493 456 Plinio
507 441 518 456 ‚
549 413 708 468 ipsoque
723 413 967 454 Rondeletio
983 440 993 456 ,
1020 411 1073 451 est
1087 410 1198 451 Testa
1211 409 1391 450 caeruleo
1413 410 1548 451 colore

123 467 268 506 donata
284 494 293 509 ‚
325 470 369 507 ὃ(
398 469 506 508 lineis
523 470 617 510 albis
635 485 704 525 per
720 468 970 510 transversum
988 498 998 513 ,
1030 466 1212 520 flavisque
1242 480 1311 521 per
1332 465 1549 519 longitudi-

120 536 210 562 nem
235 521 412 569 distincffa
427 554 438 570 ‚
468 527 527 565 uti
542 527 670 580 quoad
695 526 883 567 linearum
909 525 1162 565 direffionem
1187 523 1318 563 videre
1346 521 1398 561 est
1422 523 1461 561 in
1478 536 1548 562 no-

122 576 196 622 stra
208 575 355 632 figura.
384 580 583 622 Praeterea
607 583 804 623 cardinem
836 580 898 621 seu
925 582 1083 635 nigrum
1098 577 1297 618 vinculum
1313 604 1325 620 ‚
1364 588 1416 640 ut.
1436 579 1550 618 Ron-

122 633 286 674 deletius
305 646 449 678 vocat,
482 638 521 677 in
543 649 655 691 parte
683 640 763 690 ejus
793 645 969 677 extrema
996 636 1139 677 habet,
1166 648 1244 673 non
1261 635 1300 672 in
1317 633 1443 673 media
1460 661 1469 675 ‚
1502 644 1546 674 ut

120 687 278 729 Femina
308 691 513 736 unicolor,
539 693 603 734 seu
634 703 720 734 tota
749 691 975 737 flavescens.
1005 691 1118 731 Solen
1148 690 1234 730 heic
1270 689 1409 730 femina
1439 690 1546 731 dic‘ta

122 743 176 784 est
206 759 286 785 non
315 748 421 801 quod
454 747 575 804 reipsa
606 750 691 789 talis
719 747 764 789 sit
780 779 790 793 ,
813 762 940 802 quum
964 747 1238 801 androgynum
1253 745 1324 786 effe
1339 756 1549 800 utrumque

120 813 238 852 genus
260 803 466 854 probabile
480 803 525 844 fit
539 832 550 847 ‚
582 816 627 844 ut
641 807 681 844 in
696 804 868 845 Conchis
883 804 1064 843 omnibus
1082 803 1230 842 accidit
1246 832 1257 846 ,
1291 815 1389 854 quae
1406 804 1550 842 immo-

121 854 216 894 biles
239 854 350 897 sunt.
381 859 448 897 Sed
482 859 646 899 alterum
672 873 792 913 genus
819 857 873 898 est
900 859 948 898 ab
977 858 1102 898 altero
1121 858 1234 912 plane
1251 857 1453 901 differens;
1485 857 1547 898 sed

119 908 310 950 feminam
342 923 554 965 propterea
567 917 645 955 dici
658 915 832 955 arbitror
850 944 860 959 ‚
890 914 995 967 quod
1030 915 1133 955 mole
1163 916 1289 954 minor
1308 913 1454 966 semper
1472 911 1517 953 fit
1535 942 1543 949 .

118 963 436 1017 Frequentiffima
460 967 574 1008 Testa
588 970 692 1022 apud
709 985 779 1010 nos
793 969 845 1010 est
862 1000 872 1014 ,
898 984 1017 1024 quam
1047 969 1170 1011 mense
1203 971 1352 1010 Martio
1381 967 1546 1024 praeser-

116 1021 189 1060 tim
219 1035 295 1061 una
311 1036 400 1062 cum
419 1024 538 1064 altera
555 1024 685 1065 rustici
713 1025 820 1066 littus
846 1027 959 1065 maris
985 1025 1197 1066 incolentes
1228 1028 1267 1065 in
1291 1027 1439 1078 magnis
1466 1040 1546 1065 ma-

114 1077 164 1115 ris
181 1075 382 1118 receffibus
399 1093 447 1119 ex
465 1094 581 1120 arena
611 1081 803 1121 effodiunt
820 1113 829 1121 .
857 1083 927 1121 Sed
956 1094 1119 1135 utraque
1135 1084 1175 1122 in
1192 1081 1338 1122 deliciis
1354 1081 1456 1136 apud
1475 1095 1542 1121 nos

115 1144 195 1170 non
208 1134 263 1172 ita
280 1131 332 1177 est
345 1160 356 1176 ‚
372 1144 416 1173 ut
431 1136 534 1188 apud
551 1137 832 1192 Neapolitanos
849 1165 860 1181 ‚
891 1139 959 1191 ,qui
975 1136 1136 1177 obsonia
1152 1165 1163 1180 ‚
1195 1139 1239 1176 &
1254 1137 1458 1189 pulmenta
1477 1151 1544 1176 va-

115 1188 173 1226 ria
188 1187 411 1239 hujusmodi
426 1191 599 1230 Conchis
616 1207 689 1233 orn
698 1204 767 1233 ant
783 1222 793 1237 ‚
822 1207 919 1247 quas
945 1195 1171 1233 canaliculos
1187 1194 1245 1230 uti
1262 1193 1305 1229 &
1321 1205 1389 1230 nos
1410 1191 1546 1246 appel-

115 1240 257 1285 litant.
287 1242 499 1286 Observavi
532 1247 692 1288 Solenes
723 1251 862 1288 mareis
891 1249 1017 1287 dietos
1045 1248 1086 1286 in
1115 1244 1298 1285 intestinis
1325 1246 1456 1286 album
1474 1261 1548 1288 ex-

114 1310 357 1341 crementum
388 1302 591 1342 continere
609 1333 620 1347 ,
654 1303 817 1343 feminas
850 1304 1007 1357 nigrum
1023 1334 1034 1343 ,.
1063 1301 1243 1342 Solenem
1267 1302 1396 1345 hunc,
1429 1317 1544 1357 quem

114 1351 296 1396 feminam
319 1369 449 1399 voco,
482 1371 562 1398 non
592 1361 757 1413 agnovit
788 1360 979 1400 Martinus
1005 1357 1195 1402 Listerus‚
1228 1360 1298 1412 qui
1331 1360 1422 1405 licet
1455 1375 1543 1400 eum

111 1409 162 1452 ad
194 1411 326 1451 vivum
360 1413 558 1465 pinxerit,
583 1426 715 1457 tamen
740 1417 839 1456 male
869 1417 968 1456 inter
999 1414 1189 1455 Pholad-es
1208 1415 1369 1455 retulit·
1402 1415 1544 1456 Phola-

110 1464 177 1504 des
195 1468 301 1506 enim
317 1481 396 1508 non
428 1471 466 1510 in
482 1473 630 1517 arenis,
661 1471 723 1513 sed
753 1474 793 1512 in
823 1471 918 1513 saxis
949 1469 1155 1517 durissimis
1183 1471 1355 1524 degunt.
1387 1471 1542 1512 Praete-

109 1535 174 1560 rea
189 1521 336 1567 diversa
352 1528 517 1566 omnino
547 1526 600 1567 est
629 1528 847 1571 Pholadum
875 1527 1066 1568 structura
1083 1560 1091 1567 .
1125 1526 1273 1567 Merito
1301 1529 1422 1582 igitur
1438 1529 1541 1569 inter

109 1589 167 1615 res
202 1580 325 1621 minus
351 1593 463 1622 notas
495 1583 660 1624 Solenen
683 1584 784 1627 hanc
817 1583 1000 1625 feminam
1027 1584 1109 1627 ,huc
1141 1584 1344 1623 retulimus
1370 1610 1381 1626 ‚
1421 1597 1539 1636 quum

109 1631 196 1685 post
227 1634 472 1679 Athenaeum
496 1640 543 1678 ,δε
570 1640 735 1680 Plinium
765 1655 882 1679 nemo
913 1654 999 1679 eam
1023 1640 1229 1691 agnoverit
1260 1665 1270 1681 ‚
1301 1653 1349 1679 ne
1379 1640 1540 1681 Ronde-

113 1686 226 1728 letius
242 1692 400 1742 quidem
416 1695 459 1731 ὅτ.
472 1692 634 1732 Listerus
649 1694 728 1732 duo
741 1695 944 1746 praeclara
975 1696 1014 1732 in
1050 1693 1151 1732 hisce
1176 1694 1289 1735 rebus
1307 1694 1456 1735 lumina.
1472 1711 1482 1721 ·

164 1745 215 1782 ΙΙ.
247 1745 402 1784 Praeter
431 1746 528 1786 duos
558 1760 796 1789 memoratos
827 1748 980 1789 Solenes
998 1779 1007 1792 ‚
1039 1750 1174 1788 tertius
1200 1748 1286 1787 heic
1315 1751 1537 1803 reperitur,

111 1798 261 1840 duobus
286 1800 363 1838 illis
379 1799 530 1853 semper
559 1803 689 1841 minor
716 1804 759 1840 ὅ(
787 1805 911 1841 rarior
940 1818 962 1841 a
987 1802 1136 1842 Listero
1164 1804 1342 1855 depictus
1359 1835 1369 1849 ,
1400 1807 1467 1857 qui
1484 1819 1540 1845 re-
1580 1830 1582 1832 -

1551 2010 1927 2126 &fara-mi
1947 2030 2135 2077 wilh-‘20

1601 2083 1648 2128 52
1773 2078 1965 2156 :burga

108 1855 193 1894 ἕως
220 1867 299 1895 non
326 1852 405 1896 est,
436 1853 498 1897 sed
530 1854 644 1896 instar
676 1855 766 1898 enfis
797 1857 1015 1909 H-ungarici
1043 1856 1205 1896 falcatus
1236 1889 1244 1896 .
1275 1860 1418 1899 Cetera
1447 1873 1537 1900 cum

108 1923 214 1949 mare
230 1911 414 1949 convenit
428 1939 440 1955 ,
469 1912 612 1964 quique
626 1926 707 1955 non
722 1913 854 1968 inepte
884 1912 1048 1953 describi
1064 1911 1209 1968 postet:
1236 1914 1350 1954 Solen
1369 1929 1448 1955 mas
1464 1917 1538 1960 mi-

110 1978 183 2010 nQr
198 1965 241 2004 ὅ(
257 1966 380 2007 rarior
398 1965 514 2006 instar
531 1967 748 2021 Hungarici
762 1967 853 2009 enfis
872 1968 1034 2011 falcatus
1053 2001 1059 2008 .

168 2021 240 2061 ΙΙΙ.
282 2022 485 2072 Qoniam
515 2022 691 2064 Solenem
722 2023 906 2065 feminam
946 2027 995 2066 ad
1034 2025 1224 2066 Pholadas
1253 2025 1387 2067 retulit
1417 2027 1535 2069 Liste-

112 2089 174 2117 rus
190 2104 201 2119 ‚
226 2075 335 2118 hasce
352 2078 446 2120 mihi
464 2080 502 2119 in
518 2081 749 2123 memoriam
771 2084 972 2123 revocavit
988 2111 999 2126 ‚
1028 2096 1126 2136 quae
1142 2084 1180 2121 in
1196 2080 1291 2122 saxis
1317 2083 1366 2122 ad
1393 2083 1533 2124 ostium

111 2131 230 2172 nostri
265 2145 403 2187 portus
427 2136 621 2176 interdum
652 2139 921 2191 reperiuntur.
952 2142 1007 2181 Ex
1034 2139 1090 2180 his
1117 2139 1222 2178 enim
1244 2138 1383 2178 eodem
1411 2143 1532 2193 pad'co

114 2189 174 2227 uti
202 2202 250 2229 ex
266 2190 401 2231 Solene
432 2193 513 2232 exit
538 2193 783 2232 vermiculus
812 2194 926 2236 instar
956 2196 1153 2236 Lumbrici
1177 2194 1385 2241 terrestris,
1411 2207 1456 2236 ut
1480 2198 1536 2236 vi·-

111 2243 202 2284 dere
226 2244 279 2284 est
308 2248 410 2301 apud
426 2250 468 2292 P.
484 2249 728 2288 Bonannium
747 2281 753 2287 .
781 2252 912 2303 Major
934 2253 977 2291 &
1008 2254 1136 2292 minor
1151 2250 1205 2291 est
1222 2251 1361 2291 Pholas
1377 2279 1387 2294 ‚
1418 2251 1536 2293 sedin

114 2298 230 2342 dorso
261 2301 454 2356 utriusque
479 2304 571 2344 duas
603 2305 847 2358 cartilagines
877 2309 1055 2349 mobileis
1084 2305 1314 2353 observavi,
1343 2322 1442 2362 quae
1466 2324 1529 2348 ve-

112 2354 173 2394 lut
190 2356 270 2397 alae
287 2384 298 2400 ,
330 2356 391 2398 seu
421 2361 594 2401 cardines
620 2360 706 2402 sunt
723 2392 733 2406 ‚
763 2363 901 2416 quibus
925 2365 1070 2406 facilius
1100 2364 1243 2404 animal
1273 2365 1375 2404 intra
1402 2364 1530 2406 saxum

111 2422 338 2458 moveatur,
369 2414 570 2473 ipsumque
599 2418 731 2459 melius
749 2419 909 2460 arrodat
938 2423 1280 2475 perterebretque,
1309 2421 1352 2459 &
1372 2419 1529 2461 saxeum

1450 2491 1529 2517 car-
