2125 2915
554 237 630 265 roo
867 220 1245 264 APPENDIX
1291 221 1654 266 SECVNDA.

548 310 677 351 serunt
693 309 829 351 Echini
867 307 986 348 nostri
1012 309 1186 349 coriacei
1203 337 1213 352 ‚
1237 311 1346 365 quod
1364 312 1470 351 cerni
1495 309 1623 365 potest
1648 311 1688 351 in
1715 310 1854 352 eadem
1873 308 1936 367 fig.
1955 314 2003 354 A.

549 365 618 408 sub
648 367 783 407 littera
816 382 866 406 a.
903 366 951 405 Et
983 364 1062 405 hoc
1088 366 1143 405 Os
1175 365 1387 408 foliaceum
1415 369 1469 408 ita
1500 368 1665 408 dilatant
1694 368 1917 413 interdum,
1945 370 2006 409 uti

544 424 588 463 ὅ(
616 424 787 464 dilatant
811 425 868 463 Os
906 421 1233 476 cartilagineum‚
1269 435 1312 464 ut
1343 424 1539 478 deglutire
1567 423 1710 480 possint
1740 439 1819 465 non
1849 435 2005 465 tantum

545 480 783 522 Buccinulos
816 477 967 519 nostros
1001 479 1132 521 olivae
1156 480 1339 521 nucleum
1371 483 1636 527 aemulantes,
1666 480 1729 523 sed
1742 481 1915 523 Tellinas
1945 483 2006 538 ip-

542 537 596 579 sas
626 539 722 578 latas
755 535 843 577 satis
860 535 1031 591 grandes
1048 567 1059 582 ,
1090 537 1426 590 quemadmodum
1456 536 1658 581 observavi
1674 540 1713 579 in
1728 539 1864 579 multis
1880 567 1890 581 ‚
1909 551 2004 593 quas

542 594 648 650 apud
677 607 738 634 me
765 590 931 634 adservo
951 620 959 629 -
995 593 1162 634 Inceffus
1189 605 1323 635 tamen
1341 595 1550 637 Stellarum
1579 610 1660 636 non
1690 595 1744 637 est
1771 598 1899 637 rectus
1916 624 1926 639 ‚
1957 604 2003 635 ut

541 651 606 691 ille
636 649 876 690 Echinorum
902 680 912 696 ‚
943 648 1004 692 sed
1039 651 1260 692 incedendo
1292 666 1457 693 curvam
1487 651 1712 694 describunt
1739 653 1998 696 circularem,

538 717 606 748 aut
637 706 910 762 cycloideam.
943 708 997 747 Vt
1026 707 1216 749 incedant
1246 708 1348 764 ipsae
1364 724 1522 764 quoque
1549 710 1753 764 indigent,
1781 721 1826 750 ut
1843 711 1882 749 in
1898 723 2000 763 aqua

537 763 613 806 smt
640 763 839 805 immersae
858 792 868 807 ‚
900 766 943 805 δε
959 776 1003 805 ut
1019 763 1142 805 solum
1171 765 1343 806 habeant
1372 765 1576 807 arenosum
1592 797 1602 813 ,
1635 779 1680 807 ut
1696 781 1772 821 ego
1792 764 2000 807 observavi

536 823 578 862 in
607 823 746 862 catinis
766 849 776 864 ,
809 820 980 862 &discis
1010 834 1112 874 aqua
1143 820 1294 862 refertis
1314 852 1323 867 ,
1355 823 1423 862 ubi
1439 835 1552 863 erant
1569 823 1711 863 Stellae
1729 850 1740 866 ‚
1771 825 1812 862 in
1826 836 1998 877 quorum

535 878 662 921 fundo
693 876 840 920 necesse
868 889 981 924 erat,
1012 887 1057 918 ut
1087 893 1206 919 arena
1222 877 1365 919 adesset
1382 910 1393 926 ‚
1424 890 1469 920 ut
1484 880 1714 921 incederent
1739 911 1747 919 .
1780 880 1817 918 Si
1841 879 1998 933 supinae

536 936 788 976 collocentur
820 937 860 976 in
874 936 1005 976 Arena
1028 963 1038 978 ‚
1057 935 1176 976 radiis
1208 935 1279 976 suis
1313 937 1523 979 incurvant
1554 935 1635 977 sese
1653 964 1662 979 ‚
1697 938 1741 976 &
1770 936 1847 977 alte
1877 935 1999 976 attol-

536 991 672 1034 luntur
692 1024 702 1040 ,
730 1004 776 1033 ut
794 994 833 1033 in
866 1007 1036 1049 pronam
1073 1004 1232 1047 partem
1265 994 1558 1039 obvertantur‚
1590 995 1647 1034 uti
1675 993 1896 1033 obvertunt
1925 990 1998 1033 sese

537 1050 701 1094 Echini,
732 1061 777 1090 ut
793 1050 876 1091 dixi
893 1079 901 1087 .
935 1051 970 1090 Si
987 1050 1134 1090 diutius
1155 1052 1195 1091 in
1212 1052 1354 1091 catinis
1386 1049 1584 1092 serventur
1614 1050 1747 1091 taedio
1765 1051 1870 1089 vitae
1897 1064 1999 1104 quo-

537 1108 755 1150 dammodo
773 1119 930 1151 tanturn
954 1109 1164 1148 incurvant
1183 1106 1218 1148 se
1237 1107 1273 1148 se
1292 1138 1301 1152 ‚
1317 1118 1363 1147 ut
1379 1110 1508 1162 apices
1526 1121 1663 1148 eorum
1690 1106 1894 1146 radiorum
1925 1104 2000 1146 dis-

537 1177 753 1220 rumpant,
785 1167 828 1206 &
858 1167 915 1206 ita
952 1164 1163 1220 paullatim
1190 1164 1478 1208 dissolvantur,
1509 1176 1555 1204 ut
1580 1175 1770 1220 pereant·
1803 1164 1849 1202 In
1882 1173 1998 1215 parte

536 1235 673 1263 earum
701 1221 834 1262 aversa
851 1249 861 1264 ‚
892 1236 994 1275 quae
1013 1221 1169 1263 constat
1185 1222 1416 1264 membrana
1438 1252 1448 1268 ,
1471 1221 1533 1262 seu
1550 1233 1642 1261 cute
1670 1218 1798 1261 densa,
1816 1218 1870 1258 est
1883 1222 1993 1259 Anus

537 1278 647 1319 circa
670 1288 880 1322 centrum,
911 1280 955 1318 ὅ(
974 1279 1013 1318 in
1046 1289 1161 1333 parte
1190 1278 1373 1321 laterali,
1401 1278 1604 1332 quaelibet
1628 1276 1767 1316 harum
1784 1275 1995 1315 Stellarum

535 1335 760 1392 vulgatium
781 1363 792 1379 ,
824 1335 942 1376 uti&
962 1333 1053 1374 illae
1087 1335 1206 1376 radiis
1238 1336 1486 1390 longioribus
1504 1365 1512 1379 ,
1539 1347 1640 1388 quae
1665 1332 1888 1385 vulgaribus
1908 1329 1995 1372 sunt

538 1406 777 1449 congeneres
797 1392 1074 1439 ‚Cerebritem
1102 1393 1319 1445 quamdam
1336 1391 1532 1446 lapideam
1550 1418 1560 1432 ‚
1593 1388 1655 1430 seu
1687 1388 1896 1429 testaceam
1926 1404 1994 1444 ge-

534 1461 655 1495 runt,
683 1464 781 1504 quae
816 1451 930 1490 cerni
960 1446 1090 1503 potest
1118 1449 1160 1487 in
1188 1448 1252 1503 fig.
1281 1449 1320 1487 B.
1349 1447 1485 1488 eadem
1515 1445 1669 1487 Tabula
1701 1445 1769 1486 sub
1794 1446 1927 1487 littera
1955 1447 1988 1487 b.

535 1506 578 1546 &
594 1503 659 1560 fig.
675 1509 723 1547 C.
738 1519 838 1561 quae
854 1507 975 1547 Lente
991 1506 1118 1546 vitrea
1134 1508 1252 1545 aucta
1270 1503 1344 1544 fuit
1363 1536 1371 1544 .
1405 1506 1513 1545 Haec
1530 1504 1752 1544 Cerebrites
1770 1502 1848 1543 alte
1868 1501 1989 1542 infixa

537 1561 590 1605 est
605 1565 646 1603 in
663 1565 776 1603 corio
792 1561 956 1605 Stellae,
976 1571 1020 1599 ut
1034 1572 1222 1598 cernatur
1238 1561 1360 1597 etiam
1380 1560 1418 1596 in
1436 1568 1549 1611 parte
1572 1561 1726 1597 interna
1741 1557 1855 1608 hujus
1879 1560 1991 1598 corii.

533 1617 628 1660 Vsus
654 1619 768 1672 hujus
793 1617 1012 1657 Cerebritis
1042 1616 1217 1654 incertus
1234 1611 1314 1657 est,
1347 1615 1406 1654 uti
1431 1616 1601 1654 incertus
1625 1611 1678 1653 est
1707 1610 1790 1652 usus
1818 1613 1991 1653 duorum

533 1676 740 1730 lapidum,
773 1676 841 1730 qui
869 1674 1121 1728 reperiuntur
1151 1671 1252 1712 intra
1277 1672 1469 1711 Granium
1506 1670 1894 1727 quamplurimorum
1927 1671 1993 1711 Pi-

535 1733 660 1775 scium
679 1733 729 1773 ad
744 1730 865 1774 bafim
883 1759 894 1775 ,
916 1731 962 1772 &
977 1726 1207 1784 praesertim
1234 1729 1273 1768 in
1290 1730 1334 1768 iis
1353 1760 1363 1775 ‚
1380 1730 1448 1783 qui
1466 1726 1745 1784 squammigeri
1762 1725 1849 1767 sunt
1866 1757 1877 1770 ,
1895 1741 1989 1768 nam

533 1788 658 1844 pisces
690 1790 864 1830 coriacei
898 1787 1133 1842 plerumque
1150 1798 1287 1825 carent
1317 1784 1540 1837 hujusmodi
1569 1785 1795 1841 lapidibus,
1827 1784 1876 1825 de
1905 1785 1991 1840 qui-

534 1849 606 1887 bus
622 1846 819 1886 Tabulam
851 1845 964 1884 dedit
993 1842 1230 1882 Theodorus
1264 1840 1441 1880 Kleinius
1472 1840 1706 1880 Gedanenfis
1728 1841 1893 1881 Amicus
1918 1854 1991 1882 no-

534 1903 607 1943 ster
625 1930 633 1939 .
665 1900 833 1942 Fortasse
849 1900 1073 1940 Cerebrites
1093 1898 1133 1936 in
1149 1896 1274 1937 Stellis
1298 1894 1373 1935 istis
1399 1894 1515 1936 servit
1538 1895 1588 1935 ad
1618 1895 1755 1935 melius
1780 1894 1984 1948 perficien-

534 1960 627 2000 dam
658 1959 957 1999 triturationem
982 1955 1095 1996 cibor
1103 1968 1169 1995 um
1185 1954 1378 1994 durorum
1399 1983 1409 1998 ,
1424 1953 1564 2007 quibus
1581 1951 1719 1992 Stellae
1748 1949 1902 1991 nostrae
1917 1967 1981 1993 ve-

532 2015 687 2057 scuntur
706 2032 715 2062 ς
732 2018 776 2057 &
792 2012 947 2056 fortasse
963 2012 1111 2067 lapides
1133 2014 1171 2052 in
1188 2012 1320 2066 capite
1337 2008 1505 2050 Piscium
1528 2010 1720 2063 gravitate
1737 2007 1800 2048 sua
1817 2007 1980 2052 faciunt,

534 2088 581 2114 ne
612 2073 763 2115 facilius
794 2081 996 2125 emergant
1014 2066 1137 2111 Pisces
1168 2069 1218 2109 ab
1248 2082 1374 2123 aqua,
1407 2065 1616 2109 &facilius
1647 2067 1789 2108 ineam
1821 2066 1979 2106 immet-

535 2141 678 2186 gantur
699 2158 706 2168 -

1097 2278 1415 2348 ΦΦΦ
1689 2283 1705 2343 ς

1851 2531 1980 2560 CAPvr
