2180 2905
467 223 499 256 4
926 209 1443 251 PRAEFATIO

472 291 509 328 in
529 288 690 329 modum
705 303 882 332 unacum
913 291 1068 346 reliquis
1084 295 1244 348 optimis
1269 296 1429 339 artibus,
1441 307 1539 347 quae
1555 293 1604 334 ad
1618 291 1909 349 philosophiam

473 344 748 400 historiamque
780 348 1024 391 naturalem,
1054 350 1096 388 ὅ(
1142 363 1224 391 rem
1259 351 1453 391 medicam
1489 351 1686 403 pertinent
1705 350 1913 392 ‚excrevit

473 412 589 453 atque
614 402 810 446 excolitur
828 434 837 448 ‚
869 414 913 448 ut
943 405 1058 445 hodie
1090 419 1222 446 cernas
1251 407 1416 449 eximios
1450 404 1707 459 Philosophos
1726 436 1737 451 ‚
1765 401 1912 459 regios-

472 471 548 510 que
579 471 676 524 pene
706 459 882 499 Medicos
915 460 1086 500 Conchis
1120 460 1375 516 Cochleisque
1404 475 1494 501 cum
1527 463 1661 515 primis
1687 461 1877 501 obleetari
1896 488 1908 503 2

472 511 690 567 scriniaque
706 513 948 556 refertissima
974 531 1111 557 earum
1139 518 1283 559 habere
1301 548 1310 563 ,
1336 528 1454 570 atque
1485 517 1603 557 libros
1623 518 1841 572 perpolitos
1861 516 1909 557 de

472 568 531 608 his
548 569 686 611 edere·
712 569 840 610 Testes
875 572 972 612 mihi
1005 571 1076 613 smt
1106 575 1144 612 in
1176 573 1249 614 hac
1279 589 1320 615 re
1351 575 1545 615 Martinus
1573 573 1737 615 Listerus
1769 575 1909 612 Annae

473 638 638 676 magnae
669 626 890 669 Britanniae
920 630 1096 683 Reginae
1124 630 1295 673 medicus
1320 662 1330 677 ‚
1361 627 1520 671 Hansius
1565 630 1740 670 Sloanius
1771 628 1908 668 acade-

471 681 572 720 miae
599 681 845 724 Britannicae
879 686 1095 740 praetecstus
1114 716 1125 731 ,
1151 691 1344 729 Antonius
1377 685 1622 733 Vallisnetius
1654 687 1800 726 dodim
1828 685 1905 737 pri-

471 736 613 775 marius
649 737 862 781 patavinus
905 744 949 782 <Sc
989 744 1160 784 medicus
1193 745 1387 786 caesareus
1421 775 1431 789 ‚
1467 745 1655 784 Nicolaus
1689 742 1909 782 Gualterius

471 793 608 844 magni
625 793 746 833 Ducis
765 797 939 835 Etruriae
956 827 965 840 ,
995 800 1038 836 ὃ(
1070 801 1204 839 Petrus
1220 801 1463 839 Christianus
1483 800 1702 853 Wagnerus
1718 797 1908 852 principis

470 847 676 887 Baruthini
692 850 864 890 medicus
882 850 1095 906 ,Josephus
1127 854 1300 894 Montius
1332 853 1532 893 historicus
1550 852 1734 892 naturalis
1766 853 1809 890 δε
1837 851 1907 889 bo.-

469 904 623 943 tanicus
641 905 886 946 Bononiensis
902 935 912 950 ‚
931 908 1153 948 Ludovicus
1185 911 1444 965 Bourguettus
1463 907 1718 967 philosophus
1749 908 1908 949 Neoco-

471 957 606 999 menfis
625 989 635 1003 ‚
664 961 808 1016 aliique
832 962 1081 1018 quamplures
1094 950 1139 1006 ἦς’
1152 967 1219 1019 qui
1250 966 1350 1005 hanc
1383 979 1465 1005 rem
1489 963 1638 1019 scriptis
1666 964 1708 1002 &
1738 961 1903 1004 cimeliis

470 1016 732 1056 excoluerunt
748 1048 757 1062 ,
787 1032 958 1072 quorum
974 1021 1095 1060 etiam
1113 1022 1290 1061 nonnulli
1321 1023 1498 1062 auctores
1518 1050 1527 1065 ‚
1565 1016 1818 1071 fautoresque
1835 1017 1910 1059 stu-

472 1070 631 1112 diorum
649 1071 869 1113 nostrorum
889 1074 1120 1115 exstiterunt
1138 1107 1144 1114 .
1171 1079 1232 1120 De
1263 1077 1493 1131 praestantia
1511 1091 1606 1116 vero
1623 1075 1761 1114 harum
1778 1088 1907 1114 rerum

473 1125 644 1182 praestat
675 1129 834 1180 quidem
858 1129 964 1171 silere
980 1159 988 1173 ‚
1015 1145 1132 1184 quam
1158 1147 1280 1186 pauca
1297 1134 1427 1173 dicere
1450 1148 1459 1176 ;
1488 1146 1624 1171 verum
1642 1130 1771 1182 aliqua
1787 1129 1913 1168 modo

474 1196 559 1222 non
588 1186 896 1236 praetermittam
929 1213 937 1221 .
971 1188 1177 1227 Praetereo
1208 1189 1367 1241 quidem
1400 1219 1409 1232 ‚
1440 1198 1640 1238 tamquam
1671 1185 1908 1237 jampridem

475 1236 698 1278 obsoletum
716 1267 725 1281 ‚
756 1238 877 1279 solum
909 1241 1221 1296 Conchyliorum
1246 1242 1400 1282 succum
1417 1269 1427 1284 ‚
1459 1255 1595 1294 regum
1621 1240 1752 1281 vesteis
1769 1242 1811 1279 ὃ(
1828 1254 1910 1279 ma-

476 1304 690 1348 gnatorum
705 1294 802 1335 olim
821 1295 988 1336 infecisse
1006 1327 1016 1341 ‚
1048 1299 1089 1336 &
1116 1300 1228 1337 unice
1254 1299 1364 1350 hujus
1383 1297 1517 1337 colore
1535 1327 1544 1342 ,
1573 1308 1616 1336 ut
1633 1311 1654 1335 a
1672 1297 1834 1351 privatis
1857 1295 1911 1335 se-

477 1353 749 1403 jungerentur,
766 1350 912 1393 fulxiffe
929 1384 936 1391 .
953 1355 1158 1394 Praetereo
1174 1355 1357 1398 Vniones‚
1372 1368 1457 1409 quae
1474 1352 1595 1407 reipsa
1613 1352 1666 1391 nil
1685 1351 1788 1391 aliud
1809 1350 1908 1397 sunt,

479 1404 548 1446 nisi
565 1407 818 1447 Concharum
849 1410 946 1449 vitia
963 1437 973 1452 ,
1003 1420 1046 1449 ut
1076 1410 1195 1463 aliqui
1212 1412 1454 1451 arbitrantur
1469 1411 1684 1448 maximum
1712 1418 1840 1447 tamen
1865 1409 1910 1447 &

479 1460 790 1516 pretiosisfimum
804 1466 984 1506 omnibus
1000 1468 1240 1521 temporibus
1257 1477 1522 1506 matronarum
1535 1496 1543 1508 ‚
1560 1466 1601 1504 &
1620 1466 1843 1519 principum
1862 1463 1912 1502 fe-

481 1519 675 1558 minarum
693 1531 985 1561 ornamentum.
1004 1522 1098 1562 Non
1116 1523 1340 1577 praeteribo
1357 1533 1486 1562 tamen
1503 1521 1683 1564 Conchas
1701 1550 1709 1565 ‚
1730 1517 1910 1559 marinos-

480 1587 556 1627 que
573 1575 790 1615 Vmbilicos
803 1607 813 1622 ,
829 1588 1035 1632 ceteraque
1052 1578 1091 1618 id
1108 1593 1225 1633 genus
1245 1578 1557 1632 Conchyliorum
1575 1605 1584 1620 ‚
1610 1590 1708 1631 quae
1725 1578 1762 1615 in
1781 1577 1909 1615 omni-

479 1629 550 1668 bus
566 1628 642 1670 fere
659 1634 854 1673 montibus
870 1634 975 1673 orbis
994 1644 1183 1678 terrarum
1198 1636 1446 1690 reperiuntur
1461 1662 1472 1676 ‚
1506 1633 1628 1673 testeis
1647 1632 1717 1671 effe
1734 1631 1909 1671 luculen-

479 1694 542 1724 tos
561 1688 690 1740 magni
707 1687 807 1727 illius
824 1687 1019 1728 Noachici
1045 1689 1296 1743 cataclysmi,
1327 1704 1443 1742 quem
1459 1703 1506 1728 ex
1521 1688 1577 1727 his
1594 1689 1764 1740 reliquiis
1787 1702 1910 1741 agno-

479 1753 621 1781 verunt
637 1742 777 1796 populi
793 1743 870 1783 fere
885 1742 1073 1786 univerfi;
1098 1758 1337 1797 quamquam
1363 1742 1493 1796 postea
1519 1743 1654 1782 fabulis
1681 1743 1810 1781 multis
1827 1756 1908 1780 mo-

482 1811 524 1836 re
540 1796 605 1836 suo
631 1798 903 1838 involuerum,
928 1807 971 1834 ut
1002 1797 1213 1836 Venusinus
1243 1804 1359 1848 poeta
1374 1801 1428 1843 (a)
1446 1823 1455 1836 ‚
1487 1799 1529 1834 ὃς
1551 1795 1805 1835 Certaldenfis
1839 1810 1910 1834 no-

482 1849 556 1892 ster
570 1852 624 1899 (h)
639 1878 649 1894 ,
678 1865 844 1905 quorum
860 1852 1006 1905 primus
1020 1849 1070 1890 fic
1087 1850 1368 1907 cataclysmum
1383 1850 1457 1891 ode
1474 1851 1523 1889 11.
1541 1852 1698 1890 innuens
1716 1880 1726 1894 ,
1756 1852 1810 1889 ait
1826 1867 1834 1890 ;

598 1963 714 2003 Omne
742 1979 851 2019 quum
882 1965 1026 2006 Proteus
1053 1978 1160 2021 pecus
1191 1971 1259 2022 egit
1290 1968 1379 2007 altos

1025 2024 1139 2076 Visere
1166 2029 1312 2064 monteis
1329 2051 1340 2066 ‚

598 2075 757 2130 Piscium
786 2078 837 2120 (θ’
860 2080 1003 2133 summa
1029 2094 1139 2134 genus
1169 2080 1273 2131 haesit
1305 2081 1424 2121 ulmo.

529 2188 775 2245 Graecusque
793 2191 1049 2246 Xenophanes
1068 2192 1341 2237 fatetui-,etiam
1358 2206 1406 2233 ex
1423 2192 1479 2232 his
1503 2191 1632 2232 πάντα
1650 2192 1907 2236 §numen-ou

486 2241 611 2285 πάλαι
627 2276 637 2292 ,
666 2249 799 2288 omnia
814 2247 956 2289 scilicet
972 2251 1079 2305 aquis
1102 2252 1144 2291 &
1160 2249 1247 2292 luto
1262 2250 1359 2291 olim
1375 2248 1516 2291 infecta
1531 2249 1635 2294 fuiffe
1651 2282 1658 2290 .
1689 2253 1771 2294 Hae
1795 2256 1909 2292 nimi-

1821 2322 1906 2349 rum

528 2404 582 2434 (a)
603 2402 698 2431 Horat<
712 2405 828 2433 carmin.
840 2405 883 2435 lib.
901 2415 921 2433 1.
938 2407 983 2434 od
1005 2406 1044 2435 II'.

530 2438 584 2471 (b)
604 2438 708 2467 Boccae.
720 2439 857 2475 Plulocop.
870 2440 914 2467 (15.
928 2452 951 2473 7.
1002 2472 1006 2473 ⁷

575 2492 587 2516 l
889 2492 892 2494 ,

530 2493 569 2512 »ι
605 2486 673 2522 Ἴψζζῖ
685 2505 691 2510 .
704 2485 797 2521 larssn
811 2509 816 2513 ,
832 2501 862 2515 s).
880 2489 945 2515 82¹.
974 2494 1057 2519 »μίαν
1086 2495 1093 2500 ’

818 2526 823 2534 »
