2145 2910
543 215 832 260 MINVS
889 214 1165 256 Noris
1525 228 1570 266 31

147 319 212 346 nes
229 335 238 350 ‚
256 317 353 359 quae
380 303 441 343 vel
468 316 611 357 parvae
633 300 719 343 sunt
735 331 746 348 ,
775 301 835 343 vel
869 301 1058 342 mediocri
1084 299 1348 353 magnitudine
1379 328 1387 342 ‚
1431 300 1476 338 ὅ(
1501 297 1577 337 lae-

152 376 218 402 ves
235 389 245 405 ,
277 362 436 414 citoque
466 360 507 399 in
530 361 657 405 mari,
685 367 732 399 ut
755 358 952 401 Graecum
978 356 1052 398 fert
1081 367 1243 412 etymon
1270 383 1280 398 ‚
1327 352 1577 394 adolescunt.

147 417 298 458 Tellina
328 416 422 456 haec
454 415 566 456 valde
589 413 719 456 fimilis
734 414 788 455 est
813 415 995 469 vulgatae
1012 412 1114 453 illius
1140 412 1264 454 altera
1294 422 1407 464 parte
1423 410 1580 464 longio-

149 476 202 513 ris
219 503 230 519 ,
259 472 403 526 saporis
421 470 653 525 gratissimae
670 500 680 515 ,
694 472 738 510 &
772 471 817 510 ad
834 469 997 520 opsonia
1013 469 1185 524 paranda
1200 466 1417 523 aptissimae
1433 495 1444 511 ‚
1462 481 1581 520 quam

150 530 312 572 Veneti,
344 529 386 567 δε
405 529 496 568 Itali
514 528 591 569 fere
605 542 739 570 omnes
758 531 843 568 κατ’
860 526 997 579 ἐξοχὴ
1013 525 1207 567 Tellinam
1222 523 1424 580 appellant
1441 552 1449 560 .
1467 523 1581 563 Hanc

149 584 271 626 fasciis
283 583 351 625 suis
377 583 463 624 satis
496 597 588 638 apte
605 585 797 625 cuderunt
825 589 982 640 Operae
1005 581 1155 623 nostrae
1171 609 1181 625 ‚
1208 583 1268 622 uti
1293 579 1425 621 videre
1439 579 1493 620 est
1506 578 1582 619 Ta-

149 642 242 682 bula
258 642 328 681 111.
346 638 471 695 figura
487 642 558 682 IV.
587 640 655 681 sub
685 641 816 683 littera
847 644 883 682 A
901 673 909 680 .
937 643 1009 681 Sed
1039 652 1124 678 eam
1140 637 1331 692 intelligas
1361 635 1478 677 velim
1509 649 1586 674 rna-

151 699 209 752 gis
237 697 532 753 complanatam
562 725 573 740 ‚
599 708 643 738 ut
673 698 712 737 in
728 697 847 738 titulo
863 695 1106 751 exposuimus
1124 722 1134 737 ‚
1163 695 1229 735 cui
1260 693 1382 734 modo
1400 691 1452 731 nil
1469 691 1584 732 adde-

149 768 190 793 re
212 752 330 794 refert
348 785 356 793 .

205 811 256 849 ΙΙ.
289 809 393 850 Huic
408 809 582 850 Tellinae
613 811 688 850 alia
716 809 770 849 est
791 808 911 849 affinis
942 810 980 847 in
1013 808 1147 847 littore
1176 806 1306 846 nostro
1354 820 1434 845 non
1468 802 1581 844 infre-

150 878 296 917 quens,
329 863 390 904 sed
415 866 564 907 minor,
595 865 719 905 altera
748 876 861 918 parte
891 863 1075 918 longior,
1101 865 1143 903 &
1176 865 1341 916 punicea
1359 889 1367 897 ·

207 920 279 958 ΙΙΙ.
311 921 467 974 Longus
498 921 610 959 nimis
626 920 738 960 effen]
755 951 764 964 ‚
779 918 805 960 fi
823 920 910 959 heic
925 918 1094 959 Tellinas
1109 933 1242 959 omnes
1262 950 1271 963 ‚
1290 932 1383 972 quas
1413 916 1583 957 summit-

150 976 199 1016 tit
227 974 400 1015 nostrum
412 988 516 1015 mare
532 1001 543 1017 ‚
573 976 713 1015 vellem
737 975 898 1015 referre.
928 978 1033 1015 Nam
1057 986 1211 1030 praeter
1227 974 1420 1015 Tellinam
1450 972 1581 1013 fascia-

148 1042 231 1070 tam
258 1030 425 1071 nostram
444 1061 454 1076 ,
479 1030 522 1070 &
538 1030 740 1084 globosam
754 1031 863 1071 illam
879 1030 1107 1071 Rondeletii
1125 1059 1134 1073 ‚
1165 1033 1206 1070 &
1220 1043 1372 1086 praeter
1388 1032 1482 1070 duas
1499 1028 1582 1068 illas

148 1086 271 1127 altera
288 1100 399 1142 parte
417 1087 614 1140 longiores
632 1115 642 1129 ‚
665 1102 758 1142 quas
780 1089 996 1129 memoravi
1014 1118 1023 1131 ,
1042 1089 1284 1128 innumerum
1318 1088 1396 1127 fere
1412 1086 1464 1126 est
1480 1084 1583 1138 apud

150 1157 218 1181 nos
231 1144 473 1183 Tellinarum
504 1157 620 1196 genus
638 1172 648 1186 ‚
678 1142 904 1199 praesertim
920 1142 945 1183 sl
962 1143 1011 1183 ad
1028 1158 1088 1183 eas
1106 1175 1114 1188 ‚
1144 1143 1327 1183 Con‘chas
1351 1141 1494 1181 multas
1525 1141 1584 1179 bi-

150 1197 279 1238 valvas
295 1227 304 1241 ‚
323 1209 368 1237 ut
395 1203 508 1251 aJ'unt
523 1227 532 1241 ‚
566 1213 790 1239 revocemus
808 1231 816 1243 ‚
833 1211 877 1239 ut
895 1199 980 1239 sunt
995 1199 1184 1238 Conchae
1201 1197 1289 1237 illae
1308 1196 1494 1250 pulchrae
1508 1211 1585 1235 ma-

148 1257 248 1307 jores
268 1283 277 1297 ,
293 1253 409 1293 crassa
426 1254 639 1294 admodum
654 1255 764 1294 Testa
779 1255 906 1293 dictae
924 1284 935 1298 ‚
963 1256 1006 1292 &
1022 1253 1211 1294 Conchae
1227 1253 1442 1293 clathratae
1461 1281 1469 1294 ,
1496 1254 1584 1306 My-

148 1310 242 1355 tuli‚
274 1311 406 1350 &alia
438 1310 476 1349 id
509 1323 653 1362 genus;
685 1311 913 1350 memorabo
944 1321 1075 1350 tamen
1103 1310 1187 1350 heic
1219 1310 1364 1363 aliquas
1396 1319 1515 1364 prout
1541 1310 1581 1348 in

149 1377 320 1407 mentem
356 1367 536 1408 venerint
551 1393 560 1402 .
592 1369 654 1406 Ac
672 1368 801 1420 primo
831 1366 922 1406 loco
937 1367 1041 1420 apud
1073 1381 1141 1406 nos
1156 1365 1309 1406 Tellina
1326 1365 1378 1406 est
1409 1365 1586 1419 frequen-

149 1421 311 1465 tiffima1
329 1423 371 1462 &
389 1420 591 1478 gratissimi
607 1421 753 1478 saporis
771 1450 779 1465 ‚
807 1437 906 1477 quae
923 1423 968 1463 ad
987 1421 1148 1478 opsonia
1179 1423 1352 1478 paranda
1377 1421 1582 1477 postillam

149 1479 270 1520 altera
302 1490 415 1532 parte
447 1479 666 1534 longiorem
695 1478 904 1520 secundum
936 1479 1070 1520 locum
1095 1481 1239 1520 merito
1269 1480 1443 1520 obtinet.
1476 1478 1583 1518 Haec

151 1535 313 1588 pulchre
329 1537 529 1589 variegata
544 1534 598 1576 est
613 1536 723 1576 lineis
738 1537 882 1589 jugiter
899 1538 938 1575 in
955 1534 987 1575 se
1004 1535 1156 1577 reflexis
1171 1567 1181 1581 ‚
1197 1534 1258 1575 seu
1273 1533 1414 1589 rugofis
1432 1563 1439 1570 .
1472 1535 1584 1574 Hanc

154 1592 274 1645 vulgo
307 1591 424 1631 nostri
451 1592 673 1633 Paveraccia
704 1593 928 1648 appellant,
960 1595 1023 1632 cui
1040 1593 1185 1632 recenti
1218 1591 1391 1631 inhaeret
1418 1593 1586 1646 plerum-

150 1661 225 1701 que
248 1649 373 1688 urtica
391 1648 583 1700 quaedam
599 1650 750 1687 marina
781 1651 912 1687 minor
926 1675 936 1689 ‚
967 1662 1083 1699 quam
1102 1647 1287 1686 Podicem
1306 1649 1497 1687 marinum
1515 1648 1586 1686 mi-

150 1717 286 1742 norem
317 1702 484 1741 sectione
514 1704 628 1741 tertia
658 1702 851 1741 dicemus.
882 1701 969 1741 Post
983 1703 1082 1740 hanc
1101 1704 1210 1741 venit
1224 1702 1379 1741 Tellina
1402 1703 1478 1742 alia
1495 1703 1585 1742 huic

154 1758 268 1797 valde
286 1756 417 1796 similis
433 1785 443 1800 ,
474 1754 537 1797 sed
554 1758 681 1807 major
697 1783 708 1798 ‚
740 1757 957 1798 candidior,
975 1771 1019 1796 ac
1037 1756 1291 1810 penelacstea-
1309 1757 1420 1797 Hanc
1439 1758 1482 1796 Pi
1481 1759 1589 1811 sciot-

150 1826 190 1854 ta
207 1823 352 1852 vocant
368 1838 377 1852 ‚
409 1811 516 1862 quod
534 1810 623 1849 loco
639 1812 765 1848 carnis
787 1812 914 1849 multo
931 1810 1096 1850 humore
1123 1811 1166 1850 sit
1185 1812 1326 1851 referta
1343 1844 1352 1856 ‚
1372 1827 1503 1852 macra
1519 1812 1583 1854 est,

152 1869 194 1906 δε
207 1869 329 1907 minus
348 1868 447 1919 grati
465 1864 610 1920 saporis
628 1891 635 1899 -
670 1864 773 1905 Huic
788 1864 909 1906 affinis
926 1880 1006 1920 quo
1023 1865 1071 1905 ad
1089 1868 1400 1920 magnitudinem
1429 1868 1481 1908 est
1495 1868 1587 1908 Tel-

150 1925 228 1964 lina
244 1921 304 1962 seu
321 1921 485 1962 Concha
516 1919 672 1961 fasciata
702 1921 929 1962 Rondeletii
947 1952 957 1967 ,
981 1922 1030 1964 de
1046 1937 1123 1976 qua
1141 1921 1252 1978 supra
1278 1953 1288 1967 ,
1321 1938 1438 1977 quam
1468 1925 1586 1968 Pave-

149 1985 271 2020 rcrccz'a
288 1980 483 2020 Cavallina
514 1978 600 2018 heic
630 1977 749 2030 aliqui
764 1991 934 2023 vocant;
967 1980 1090 2019 minus
1109 1982 1211 2033 grati
1230 1979 1375 2033 saporis
1406 1983 1449 2021 &
1480 1980 1584 2035 ipsa,

185 2037 328 2076 uamvis
346 2034 442 2075 facie
460 2044 622 2090 propter
651 2035 779 2073 varios
795 2035 946 2075 colores
977 2049 1054 2076 non
1072 2036 1253 2090 ignobilis
1273 2069 1281 2075 .
1312 2038 1477 2078 Concha
1492 2036 1588 2078 cras-

155 2049 194 2132 ?a,
209 2092 422 2132 admodum
438 2091 550 2133 Testa
567 2091 674 2130 did'ca
689 2091 736 2130 ad
754 2090 923 2131 Tellinas
955 2107 1110 2147 quoque
1127 2093 1261 2133 referri
1293 2093 1418 2148 potest
1433 2121 1443 2135 ‚
1476 2107 1587 2146 prae-

156 2147 284 2188 sertim
315 2163 448 2189 earum
479 2150 673 2190 minores,
707 2161 802 2200 quas
828 2148 955 2188 nescio
981 2165 1026 2188 an
1052 2149 1219 2202 ejusdem
1250 2153 1396 2204 generis
1439 2148 1511 2190 sint
1539 2164 1585 2189 ac

155 2208 341 2257 majores.
373 2206 427 2244 Os
461 2206 608 2245 interne
640 2203 921 2245 denticulatum
953 2206 1099 2246 habent
1127 2237 1135 2249 ‚
1169 2209 1209 2246 ὃς
1241 2206 1466 2247 exstrinsece
1499 2204 1585 2246 sunt

154 2261 308 2316 pulchri
333 2260 500 2302 flammei
528 2261 671 2302 coloris
688 2291 695 2299 .
713 2260 877 2300 Concha
907 2264 1053 2317 pariter
1069 2262 1260 2304 clathrata
1292 2263 1383 2303 licet
1400 2265 1582 2304 maxima,

156 2319 197 2356 ὃς
213 2318 314 2372 apud
339 2331 407 2357 nos
440 2333 548 2361 rara,
581 2318 628 2358 ad
645 2316 812 2357 Teilims
844 2316 896 2357 est
930 2319 1176 2359 revocanda.
1208 2321 1356 2360 Glabra
1380 2322 1483 2360 enim
1505 2319 1557 2359 est
1573 2346 1585 2360 ‚

158 2383 203 2412 ut
231 2375 278 2413 ad
296 2375 448 2414 Ostreas
465 2404 475 2418 ,
493 2375 555 2416 vel
574 2374 740 2416 chamas
758 2404 766 2418 ,
786 2375 1033 2430 Pe‘ssinesque
1050 2391 1127 2416 non
1154 2375 1270 2429 possit
1287 2376 1421 2417 referri
1441 2406 1447 2412 .
1477 2378 1583 2414 Con-

159 2429 231 2468 cha
262 2428 412 2483 insuper
441 2431 669 2486 Tetragona
700 2429 759 2471 seu
792 2432 1026 2473 Naviculam
1057 2431 1249 2479 referens,
1280 2448 1378 2488 quae
1409 2432 1583 2486 pulchris

1472 2489 1583 2528 lineis
