2145 2910
438 219 1277 264 AESTVSMARITIMI
1535 236 1587 275 73

136 311 383 365 undeviginti
402 307 551 349 saecula
570 313 650 362 jam
688 311 1000 365 praeterierunt,
1031 309 1074 347 δε
1109 318 1238 347 tamen
1271 306 1382 346 Palus
1414 305 1581 347 Maeotis

133 369 310 408 nondum
340 365 391 406 est
424 364 615 406 exficcata
633 398 642 412 ,
672 367 890 420 quinimmo
919 365 1008 405 urbs
1040 364 1180 404 Tanais
1210 363 1258 402 ad
1288 362 1383 402 ostia
1415 361 1582 403 fluminis

133 423 202 464 fita
235 428 308 471 (a)
333 451 342 466 ‚
376 424 418 461 &
446 422 635 462 Tanaitae
667 421 786 476 ipsam
817 423 950 462 urbem
983 423 1025 461 ὃς
1056 419 1237 474 paludem
1268 419 1480 459 incolentes
1517 434 1582 460 eo-

134 481 226 519 dem
253 478 457 532 splendore
487 481 626 519 vivunt
658 480 727 528 (b)
757 494 766 523 3
797 476 1025 532 Pontusque
1056 477 1224 516 Euxinus
1261 489 1365 515 mare
1403 474 1586 530 ampliss-

134 549 243 574 mum
275 534 401 574 adhuc
430 534 483 575 est
502 566 511 580 ‚
538 546 581 575 ut
603 535 722 588 vulgo
747 535 865 575 hodie
897 536 1008 574 Mare
1039 536 1160 586 majus
1177 562 1186 576 ,
1218 532 1260 571 δε
1287 532 1456 585 Nigrum
1470 547 1587 573 voce-

134 602 200 630 tur
221 619 231 634 ,
258 605 379 644 quum
404 591 458 630 nil
489 591 564 632 sere
585 592 633 632 de
664 591 726 631 sua
751 591 1024 646 profunditate
1040 590 1089 629 ab
1121 590 1164 628 iis
1197 588 1439 642 temporibus
1456 587 1586 628 amise-

135 648 189 686 rit
221 675 228 683 .
265 647 399 699 Qiare
435 659 546 701 patet
575 663 654 688 non
694 647 841 701 semper
873 648 1038 686 marinas
1069 645 1223 685 lacunas
1253 645 1296 683 &
1327 659 1434 685 mare
1463 643 1585 699 ipsum

133 717 184 743 ex
215 703 378 757 ingressu
423 704 628 745 fluminum
668 703 851 745 exficcari
881 730 890 739 -
937 702 1120 743 Elevatur
1159 700 1317 755 quidem
1345 703 1424 753 ejus
1457 701 1585 742 alveus

133 773 183 798 ex
223 760 434 800 sedimento
465 759 671 801 fluminum
702 791 713 805 ,
755 759 815 801 sed
846 773 964 813 quum
1001 760 1041 798 in
1081 759 1261 798 omnibus
1291 757 1385 797 locis
1415 757 1585 811 quadam

134 818 402 869 proportione
432 817 536 855 idem
565 817 736 857 elevetur
754 846 763 859 ,
793 815 996 855 elevantur
1025 815 1068 852 &
1095 817 1175 866 ejus
1209 827 1332 866 aquae
1361 815 1398 852 in
1430 810 1586 868 superfi-

134 872 195 909 cie
213 899 222 912 ,
254 885 352 924 quae
386 885 434 911 ex
464 873 653 926 promixis
670 872 837 911 maribus
857 901 866 915 ,
897 880 1015 923 atque
1046 884 1095 910 ex
1110 871 1273 909 Oceano
1291 867 1400 922 ipso,
1426 870 1485 909 vel
1515 882 1584 923 per

133 924 276 965 aestum
309 955 318 969 ‚
348 927 410 966 vel
443 941 512 980 per
545 929 664 967 alium
705 927 854 967 fluxum
887 924 1055 965 influunt
1088 956 1097 970 ‚
1129 940 1249 978 quum
1280 925 1374 965 haec
1399 938 1585 978 aquarum

131 983 355 1036 proprietas
386 980 458 1024 sit,
488 992 531 1021 ut
562 993 754 1036 perpetuo
786 983 835 1022 ad
868 981 1037 1022 libellam
1069 981 1103 1021 se
1132 981 1164 1020 se
1193 992 1463 1036 componant·
1496 980 1585 1021 Huc

134 1038 235 1077 adde
256 1068 265 1082 ‚
293 1051 398 1077 mare
433 1053 481 1079 ex
507 1037 728 1078 flumimbus
751 1037 1036 1092 aliquantulum
1066 1039 1198 1091 augeri
1229 1067 1238 1081 ‚
1276 1050 1321 1077 ut
1361 1040 1400 1077 in
1425 1037 1585 1078 Scholio

132 1092 409 1147 propositionis
439 1094 562 1134 sextae
597 1094 883 1134 observavimus
918 1123 927 1137 ‚
960 1094 1166 1148 multoque
1207 1096 1327 1147 magis
1358 1095 1491 1146 augeri
1521 1093 1586 1133 de-

133 1150 230 1188 bent
262 1150 434 1190 marinae
474 1150 635 1190 lacunae
665 1149 891 1205 praesertim
922 1151 1047 1191 hieme
1079 1182 1088 1196 ,
1128 1152 1170 1189 &
1203 1152 1246 1188 iis
1278 1153 1317 1188 in
1345 1149 1441 1188 locis
1470 1177 1481 1191 ‚
1520 1149 1587 1188 ubi

133 1204 305 1244 multum
334 1205 438 1257 pluit
469 1237 478 1250 ‚
517 1209 574 1245 uti
611 1205 736 1259 reipsa
766 1210 886 1260 magis
916 1207 1019 1259 pluit
1047 1207 1197 1245 Patavii
1228 1218 1276 1243 ex
1305 1203 1586 1245 observationi-

133 1261 206 1300 bus
237 1261 392 1312 Joannis
410 1261 545 1300 Poleni
577 1264 709 1302 eximii
741 1263 1012 1301 mathematici
1043 1263 1086 1300 ὃς
1117 1261 1234 1300 amici
1264 1259 1409 1305 nostri,
1440 1262 1483 1299 ὃς
1512 1259 1589 1300 for-

133 1315 227 1356 tasse
256 1331 326 1370 per
356 1317 546 1370 reliquam
577 1317 796 1357 Marchiam
824 1315 1064 1358 Tarvifinam
1084 1345 1094 1360 ,
1125 1320 1244 1370 quam
1276 1317 1314 1355 in
1347 1314 1480 1357 nostris
1510 1318 1588 1357 Re-

138 1373 337 1425 gionibus.
364 1373 498 1426 Qare
527 1374 604 1413 alio
633 1372 796 1414 flumina
834 1374 901 1413 illa
934 1385 997 1413 tot
1031 1374 1139 1427 aquis
1171 1374 1362 1413 tumentia
1394 1372 1588 1421 deducen-

137 1429 192 1468 do
222 1427 372 1468 fortasse
403 1431 562 1469 lacunae
592 1430 858 1470 incolumitati
890 1445 969 1469 non
1001 1441 1157 1470 tantum
1192 1428 1429 1472 consulitur,
1470 1443 1592 1482 quan-

137 1494 222 1524 tum
237 1482 263 1524 si
280 1486 318 1524 in
333 1500 417 1526 eam
434 1485 585 1541 ingredi
601 1484 812 1526 finerentur
828 1517 838 1531 ‚
869 1488 926 1526 uti
944 1501 1081 1526 eorum
1097 1496 1236 1526 natura
1252 1484 1397 1525 ferebat
1414 1512 1421 1520 ·

251 1543 400 1580 Verum
417 1542 475 1580 his
495 1539 610 1580 miffis
627 1542 676 1579 ad
694 1541 790 1579 illud
806 1542 1005 1579 redeamus
1024 1543 1125 1580 unde
1141 1543 1368 1581 divertimus
1391 1572 1397 1580 .
1427 1543 1590 1581 Certum

143 1594 195 1633 est
213 1596 334 1648 igitur
366 1610 388 1634 a
418 1596 530 1635 nobis
559 1595 602 1634 &
630 1611 653 1635 a
681 1596 873 1635 Ravenna
902 1609 1008 1635 mare
1032 1594 1211 1636 receffiffe
1229 1623 1237 1631 ·
1270 1597 1392 1636 Heinc
1412 1610 1592 1651 quaeren-

144 1651 240 1690 dum
269 1649 449 1695 effet‚an
464 1665 569 1690 mare
598 1650 735 1690 eadem
763 1653 1026 1704 proportione
1056 1651 1142 1690 heic
1173 1661 1369 1704 perpetuo
1406 1654 1589 1692 recedat.

142 1706 267 1759 ,Apud
298 1705 445 1746 nostros
472 1715 674 1758 receptum
704 1705 758 1744 est
787 1720 892 1745 mare
921 1704 1075 1760 singulis
1108 1708 1216 1745 annis
1234 1721 1255 1745 a
1272 1698 1594 1761 continentiper-

143 1773 270 1813 petuo
300 1762 504 1807 recedere,
535 1764 593 1801 uti
621 1760 773 1801 fortaffe
796 1762 891 1800 olim
906 1762 1138 1805 recedebam
1169 1763 1317 1802 Verum
1348 1762 1464 1802 hodie
1490 1763 1591 1803 hanc

144 1817 272 1870 legem
298 1815 364 1856 fibi
395 1816 544 1857 servare
572 1830 650 1854 non
674 1815 829 1854 videtur
846 1843 855 1856 ,
885 1818 1009 1854 immo
1024 1819 1263 1857 contrarium
1282 1820 1412 1871 potius
1428 1835 1498 1872 per
1515 1819 1591 1859 hoc

148 1872 470 1923 Qinquennium
498 1870 725 1913 observavi3
755 1884 844 1909 nam
878 1884 925 1910 ex
943 1872 1062 1911 Notis
1093 1872 1191 1915 illis,
1217 1888 1310 1927 quas
1340 1873 1454 1926 lignis
1484 1887 1592 1916 exte-

144 1927 312 1967 rioribus
338 1927 475 1967 Portus
497 1925 614 1966 nostri
643 1924 752 1966 inuffi
772 1957 781 1971 ,
813 1928 944 1980 potius
964 1942 1070 1968 mare
1087 1928 1163 1969 hoc
1182 1940 1362 1985 tempore
1380 1928 1566 1970 acceffiffe
1582 1962 1591 1977 ,

144 1997 263 2037 quam
295 1981 473 2024 receffiffe
502 1982 649 2037 colligo
679 1998 688 2026 ;
728 1983 1061 2036 quemadmodum
1098 1986 1286 2040 colligere
1317 1988 1436 2026 etiam
1467 1987 1594 2040 potest

144 2036 346 2093 quisquam
381 2054 428 2080 ex
457 2040 555 2079 Palis
597 2036 760 2078 confixis
801 2038 948 2093 septem
972 2043 1020 2081 ab
1037 2040 1150 2081 heinc
1186 2044 1293 2082 annis
1330 2044 1368 2082 in
1399 2058 1514 2082 arena
1543 2044 1592 2083 ad

146 2095 252 2134 littus
280 2097 395 2136 maris
428 2110 502 2150 pro
532 2095 796 2135 fundamentis
830 2096 1120 2151 Propugnaculi
1138 2098 1360 2152 cujusdam,
1390 2099 1496 2153 quod
1527 2100 1594 2138 ad-

147 2150 273 2192 versus
300 2153 445 2207 piratas
478 2151 612 2192 nostris
644 2155 683 2191 in
716 2154 849 2193 animo
867 2165 951 2193 erat
966 2153 1214 2199 construere;
1246 2170 1335 2196 nam
1367 2156 1470 2210 ligna
1501 2155 1592 2201 illa,

148 2218 191 2247 ut
219 2206 338 2247 nostri
366 2224 499 2249 omnes
517 2220 664 2249 norunt
678 2239 687 2252 ‚
713 2208 805 2248 loco
823 2224 844 2248 a
861 2212 958 2250 mari
974 2213 1247 2252 convenienter
1265 2212 1420 2252 distanti
1438 2206 1594 2252 fuerunt

146 2261 301 2304 confixa
319 2294 329 2308 ‚
359 2276 490 2306 tamen
516 2266 634 2306 hodie
665 2268 782 2305 etiam
802 2268 838 2304 in
858 2269 1069 2319 majoribus
1086 2267 1287 2309 receffibus
1319 2271 1433 2308 maris
1450 2269 1499 2307 ab
1515 2271 1592 2319 ejus

149 2320 258 2359 undis
290 2320 488 2362 alluuntur
506 2351 514 2359 .
547 2324 681 2375 Qare
699 2323 821 2362 modo
853 2325 1030 2364 omnibus
1047 2337 1157 2379 patet
1176 2339 1279 2364 mare
1301 2325 1377 2365 hoc
1396 2323 1595 2377 septennio

147 2376 198 2417 ad
229 2378 495 2419 continentem
525 2390 670 2420 terram
710 2378 814 2434 apud
843 2394 913 2420 nos
952 2380 1136 2422 accessisse
1165 2397 1174 2426 3
1206 2383 1334 2423 Immo
1362 2382 1497 2422 Turris
1529 2380 1595 2420 illa

953 2439 989 2479 K
1487 2447 1593 2477 vetus

181 2511 220 2543 (a)
238 2512 341 2551 AZ⁰ff²
357 2512 406 2548 stu
424 2512 524 2551 ΛῖιΙΡΙι
537 2536 544 2545 ,
569 2512 594 2541 θ’
614 2514 710 2552 Αἶας-[ι
724 2535 731 2543 .
874 2514 915 2547 (b)
936 2515 1065 2551 Cosasclzi
1083 2515 1126 2542 dcl
1144 2515 1208 2543 Dan
1222 2536 1228 2544 .
