2180 2905
612 215 891 257 MINVS
950 212 1223 255 NOTIS
1593 227 1638 265 13

214 303 320 345 secus
352 304 470 344 etiam
496 301 641 342 diffecsti
677 312 890 356 appareant
920 301 962 340 ὃς
991 298 1135 343 striati,
1166 309 1210 339 ut
1240 299 1279 337 in
1314 294 1438 351 figura
1467 294 1645 349 expressi-

215 375 299 401 mus
321 388 328 397 .

272 414 341 455 ΙΙΙ.
371 416 520 455 vocavi
543 424 750 468 praeterea
775 414 850 453 hoc
879 412 1103 453 Testaceum
1121 413 1382 466 marginatum
1401 437 1409 451 ‚
1441 409 1548 462 quod
1579 424 1644 449 eo-

215 485 301 513 rum
326 470 451 511 multa
468 498 477 513 ‚
513 469 733 526 praesertim
765 484 861 524 quae
893 472 1045 522 integra
1062 468 1146 508 sunt
1164 499 1173 513 ‚
1206 469 1419 519 marginem
1436 465 1645 518 quemdam

215 527 512 581 pellucidum&
531 527 652 566 latum
684 525 897 566 universam
928 525 1081 565 Testam
1107 525 1342 564 ambientem
1374 532 1510 575 gerant
1535 549 1544 564 ‚
1576 523 1645 574 qui

216 597 353 636 margo
383 585 422 622 in
452 580 574 635 figura
599 583 648 622 ab
675 580 903 622 Artificibus
930 595 1007 620 non
1040 581 1116 620 fuit
1144 579 1337 633 expreffus
1371 605 1377 612 -
1415 580 1479 617 An
1510 592 1642 617 omnes

216 638 288 678 hae
310 638 444 678 Testae
461 637 531 679 fint
548 640 789 691 marginatae
819 637 1047 680 naturaliter
1065 664 1076 679 ‚
1105 637 1147 674 ὃς
1166 645 1330 690 propter
1347 633 1645 674 fluctuationem

214 696 256 734 in
289 696 387 734 mari
416 696 632 748 marginem
671 692 792 748 ipsum
824 695 1010 732 amittant
1037 721 1046 735 ‚
1084 706 1133 731 an
1166 707 1261 733 vero
1302 691 1542 743 marginatae
1570 688 1644 731 fint

219 748 346 803 specie
363 749 511 791 diversa
527 777 536 792 ‚
563 763 640 790 non
658 747 773 789 aufim
792 750 1048 804 pronunciare
1063 775 1071 783 ·

269 807 363 844 ΗΠ.
397 807 592 845 Numerus
608 805 750 845 horum
781 809 1003 858 Corporum
1038 806 1077 842 in
1101 802 1310 843 sedimento
1328 804 1480 842 marino
1497 800 1642 842 multus

216 859 268 898 est
285 888 295 902 ‚
320 871 366 899 ut
396 862 496 900 ultra
526 862 741 914 quingenta
756 861 794 898 in
812 857 873 898 sex
891 859 963 897 illis
981 861 1102 898 unciis
1126 860 1434 899 numeraverim.
1461 860 1517 898 At
1547 856 1641 897 foffi-

215 914 310 953 lium
329 917 366 952 in
383 916 504 954 arenis
522 917 741 966 Covignani
771 928 950 953 numerus
982 913 1035 953 est
1062 915 1274 955 admodum
1307 916 1466 967 exiguus
1484 943 1493 956 ‚
1523 925 1568 953 ut
1603 916 1643 952 in

213 968 366 1024 fingulis
383 971 503 1010 unciis
522 971 588 1008 vix
605 983 724 1008 unum
754 980 822 1008 aut
850 970 1012 1008 alterurn
1044 972 1234 1021 reperias.
1261 971 1308 1009 In
1327 968 1564 1009 Certaldensi
1597 970 1642 1009 il-

213 1026 250 1066 la
282 1037 385 1120 t}sf³⁴
424 1023 486 1065 seu
517 1022 650 1066 Pisana
685 1024 809 1067 nullus
841 1054 851 1071 ,
893 1026 950 1065 uti
982 1025 1025 1065 &
1055 1026 1095 1064 in
1129 1040 1245 1067 arena
1273 1025 1341 1066 illa
1378 1023 1478 1066 flava
1508 1026 1639 1065 Bono-

215 1095 331 1121 n1en1
353 1109 360 1116 .

223 1167 1633 1199 QQQQQQQQQQQQQQQQQQ

612 1253 1065 1313 CAPVT
1147 1253 1232 1313 V.

235 1367 417 1405 Connv
448 1364 739 1405 HAMMONIS
773 1379 1028 1406 LITTORIS
1075 1367 1445 1406 ARIMINENSIS
1476 1379 1640 1411 QVAR-

292 1435 435 1464 τνΜ,
482 1436 574 1462 εεν·
611 1423 849 1463 NAVTILI
895 1436 1069 1461 GENVS
1114 1435 1301 1463 vALDE
1348 1434 1638 1462 DEPRESSVM

293 1491 549 1518 VMBILICO
581 1492 801 1522 crannus,
833 1492 885 1518 ET
918 1492 1219 1523 PLERvMQvE
1258 1491 1634 1519 MARGJNATvm-

207 1592 235 1631 I.
277 1592 473 1678 HOC
513 1594 650 1632 Cornu
690 1592 919 1633 Hammonis
964 1606 1054 1631 cum
1096 1593 1225 1646 priore
1260 1592 1374 1633 valde
1414 1592 1639 1634 convenit3

261 1647 264 1652 ’
412 1647 585 1686 striarum
614 1650 718 1687 enirn
742 1648 794 1688 est
811 1677 820 1690 ‚
851 1650 893 1687 &
911 1649 1137 1700 plerumque
1163 1650 1454 1701 marginatum‚
1488 1658 1528 1686 at
1557 1661 1640 1685 um-

206 1705 328 1743 bilico
345 1714 452 1742 caret
470 1729 479 1742 ‚
517 1703 557 1738 &
575 1701 780 1752 depressius
797 1702 849 1741 est
864 1733 873 1745 ‚
903 1715 1020 1754 atque
1036 1703 1233 1740 interdum
1260 1703 1467 1755 oblongius
1486 1732 1495 1745 ,
1528 1717 1639 1756 prae-

205 1756 336 1797 sertim
369 1772 412 1796 ea
441 1769 538 1807 quae
569 1756 779 1805 grandiora
820 1756 906 1794 sunt
937 1784 945 1791 .
989 1756 1218 1809 Plerumque
1250 1772 1330 1797 non
1361 1758 1413 1797 est
1444 1768 1524 1796 tam
1560 1759 1639 1797 exi-

204 1825 324 1863 guum
355 1839 362 1845 .
400 1811 487 1847 Hoc
519 1810 639 1846 etiam
676 1809 724 1847 ad
756 1810 913 1847 Nautili
944 1811 1071 1848 Indici
1101 1825 1219 1862 genus
1250 1813 1402 1864 placuit
1440 1812 1639 1853 referre.)

204 1867 411 1906 Gualterio
431 1892 440 1906 ‚
472 1864 513 1901 ἃ
530 1862 728 1915 Wagnero
746 1891 755 1905 ‚
786 1875 831 1902 ut
848 1863 1044 1918 superiore
1076 1867 1206 1918 capite
1224 1868 1422 1909 indicavi,
1455 1882 1478 1906 a
1504 1870 1639 1920 quibus

208 1935 338 1963 tamen
355 1920 558 1960 dissentio.
591 1920 696 1958 Nam
714 1921 990 1959 varia'interna
1017 1919 1282 1961 loculamenta
1312 1924 1430 1962 etiarn
1455 1923 1639 1964 extrinse-

207 1992 251 2018 ce
277 1985 467 2031 apparent
486 2002 495 2016 ‚
527 1985 573 2013 ut
589 1989 636 2015 ex
652 1973 774 2031 figura
789 1976 880 2014 1111.
910 1975 1078 2029 ejusdem
1107 1977 1280 2017 Tabulae
1304 1979 1436 2018 videre
1452 1978 1527 2018 est.
1556 1981 1638 2019 Nu-

208 2048 318 2074 mero
336 2032 421 2073 sunt
439 2032 603 2070 minores
635 2034 673 2071 in
703 2031 833 2072 nostro
850 2031 1063 2073 sedimento
1081 2061 1091 2075 ‚
1122 2048 1239 2087 quam
1256 2035 1429 2088 reliquae
1448 2035 1557 2087 hujus
1575 2051 1638 2089 ge-

210 2092 307 2130 neris
337 2087 470 2129 Testae
488 2117 498 2131 ,
523 2100 642 2138 quum
673 2099 830 2128 centum
856 2101 1008 2129 tantum
1034 2091 1075 2128 ὃ(
1092 2090 1365 2145 duodeviginti
1397 2093 1435 2130 in
1467 2090 1529 2129 sex
1562 2093 1634 2131 illis

206 2147 326 2185 unciis
345 2143 554 2195 repererim
573 2160 582 2188 ;
608 2144 670 2184 sed
701 2143 803 2183 mole
820 2146 971 2198 pondus
989 2145 1241 2200 compensant
1259 2175 1266 2182 .
1300 2147 1456 2186 Pondus
1479 2149 1636 2199 quidem

203 2201 360 2242 istorum
389 2200 552 2245 ‘C’xan
587 2202 686 2240 tanti
718 2199 795 2244 est,
827 2203 960 2254 quanti
993 2203 1150 2241 illorum
1179 2200 1240 2243 sex
1271 2203 1437 2242 millium
1463 2234 1473 2248 ,
1502 2205 1545 2241 &
1580 2202 1634 2242 se-

204 2259 498 2312 ptingentorum
531 2259 649 2310 primi
679 2258 827 2311 generis
853 2285 862 2299 ‚
895 2260 938 2298 &
965 2261 1102 2310 quanti
1137 2257 1296 2299 illorum
1328 2262 1633 2314 quingentorum

203 2315 307 2352 tertii
325 2316 493 2367 generis.
523 2314 676 2354 Pondus
708 2328 803 2352 vero
831 2327 966 2353 eorum
990 2314 1147 2355 secundi
1176 2317 1324 2369 generis
1356 2331 1448 2355 cum
1477 2316 1532 2354 his
1560 2317 1631 2354 rni-

208 2369 310 2408 nime
340 2368 391 2408 est
417 2371 753 2424 comparandum-

267 2424 306 2462 ΙΙ
334 2424 420 2465 Hoc
450 2425 675 2466 Testaceurn
706 2425 1038 2481 quemadmodum
1055 2425 1154 2468 deest
1183 2428 1222 2467 in
1253 2426 1473 2470 sedimentis
1505 2427 1633 2466 omni-

1559 2483 1627 2523 bus

1681 1476 1809 1549 1227·
1825 1487 1896 1523 85·-
